5434 6717
445 648 519 716 au
957 570 960 578 ⁵
1014 598 1448 754 perscutaauu

447 838 610 908 operam,
635 827 676 882 ut
701 808 788 894 hoc,
815 809 911 903 quod
938 805 1116 897 reliquum
1137 803 1177 870 in
1201 795 1439 870 controversia

448 929 605 999 maneat,
631 913 735 984 etiam
751 911 966 1003 expediatur.
1018 896 1209 973 botherus
1224 899 1345 969 minus
1360 920 1441 987 gra,-

379 1072 385 1083 .
447 1033 592 1088 voretur
607 1013 735 1105 pacisci
759 1013 804 1081 dc
828 1007 1035 1090 concordia,
1061 1005 1091 1072 si
1106 995 1255 1095 Cingls's'
1274 990 1440 1070 et'Oeco-

448 1110 638 1213 lampadii
653 1127 809 1183 mentem
833 1132 978 1202 prorsus
999 1119 1136 1184 nosset,
1160 1117 1195 1174 et
1217 1099 1440 1182 existimaret,

446 1221 529 1289 illos
550 1219 589 1286 in
611 1216 684 1285 suis
708 1213 862 1284 ecclesiis
887 1207 972 1280 haec
993 1210 1037 1277 de
1057 1228 1139 1275 vera
1161 1202 1358 1296 praesentia
1374 1202 1450 1282 do<

447 1345 541 1403 cere,
574 1341 664 1411 quae
686 1314 822 1386 scribis.
878 1309 1065 1381 Moderata
1087 1320 1205 1377 tamen
1226 1317 1323 1394 geret
1344 1324 1381 1370 se
1401 1300 1439 1368 in

444 1419 689 1513 hocnuegotio,
714 1440 759 1484 ne
780 1413 882 1483 initia
908 1409 1135 1490 concordiae,
1162 1429 1227 1497 per
1250 1427 1339 1497 quae
1363 1423 1439 1492 spes

446 1538 498 1593 est
524 1536 564 1591 ut
590 1521 719 1608 gradus
744 1516 787 1584 ad
806 1537 925 1583 reram
949 1525 984 1581 et
1004 1508 1347 1597 durabilempacem
1370 1503 1439 1586 frat

445 1623 673 1713 dissipentur,
723 1614 924 1698 Bencvalc.
976 1609 1153 1680 Postridie
1170 1605 1323 1695 Hagoes.

1196 1722 1403 1831 Φίλιππος.
1440 1776 1444 1788 ·

452 2084 522 2206 No.
537 2082 626 2202 957.-
680 2074 682 2079 .
763 2089 769 2102 ⁸

450 2226 626 2279 ,νον

578 2291 605 2374 Ῐ
697 2276 1162 2405 ,ῙοαεῙι.’,(Ῑαιηὲηανὶο.

1216 2073 1218 2079 Ι
1269 2127 1325 2192 ts.
1341 2123 1429 2187 Febr.

1202 2162 1230 2245 ·'
1263 2212 1435 2246 m

478 2470 599 2563 ffsspist.
615 2488 648 2542 ad
665 2485 803 2542 Camerar.
827 2502 856 2555 p.
872 2482 930 2537 156,
980 2464 992 2473 '¹
1051 2480 1053 2485 '
1325 2476 1327 2481 ·
1411 2465 1435 2495 ·,

443 2641 686 2723 lonchimo
724 2632 996 2711 Camerario
1036 2637 1157 2707 amico
1198 2660 1265 2706 suo
1297 2661 1440 2707 sosoma

819 2735 1070 2834 Nore‘bergoe,

445 2867 490 2970 S.
516 2885 564 2959 Ι).
614 2879 706 2952 Cum
721 2875 879 2968 proxime
895 2875 939 2943 ad
956 2886 989 2942 te
1012 2870 1245 2961 scripsissem,
1269 2872 1440 2963 postridie

443 2987 562 3078 accepi
584 2983 711 3054 alteras
731 2993 808 3048 tuas
831 2975 968 3056 literas,
1002 2967 1205 3065 quaemihi
1227 2972 1441 3042 videbantur

444 3090 545 3182 prius
558 3109 631 3154 esse
649 3086 768 3162 datae,
794 3064 1042 3165 arguroehtuin
1055 3072 1150 3141 idem
1166 3085 1241 3141 erat
1264 3071 1346 3167 napi
1372 3079 1440 3145 τοῦ

370 3192 373 3199 ’
445 3184 714 3277 ἀντιπολεμεῖν.
773 3175 850 3269 Ego
868 3199 993 3273 ,usque
1019 3173 1166 3252 consilia
1190 3198 1306 3267 neque
1331 3176 1441 3245 actio-

444 3314 508 3361 nes
520 3278 774 3382 plerorumque
790 3277 871 3349 satis
886 3276 1058 3365 intelligo.
1108 3271 1200 3343 Nam
1215 3274 1315 3345 illam
1336 3271 1440 3346 char-

346 3465 350 3473 ,
445 3380 694 3477 tam'Lnllsers'
718 3392 915 3452 truncatam
939 3363 1110 3469 quorsum
1134 3399 1222 3466 opus
1243 3376 1310 3446 fuit
1327 3378 1365 3444 in
1385 3392 1440 3446 to-

444 3494 519 3563 tam
536 3485 766 3558 Germaniam
786 3455 980 3571 sparigere?¹
1018 3471 1067 3544 Et
1081 3477 1180 3567 quasi
1202 3471 1270 3546 hoc
1296 3468 1439 3547 classico

446 3590 622 3661 concitare
653 3585 809 3655 civitates
836 3582 881 3649 ad
904 3578 1090 3671 pangenda
1112 3576 1280 3646 foedera?
1331 3574 1438 3648 Anno

444 3691 627 3784 superiore
637 3687 703 3757 scis
716 3683 869 3755 summis
879 3680 968 3750 meis
983 3677 1168 3762 doloribus
1183 3678 1325 3749 etruria
1341 3680 1442 3749 sinit·

445 3795 497 3863 lia
510 3789 656 3862 consilia
673 3786 840 3876 dissipata
858 3805 943 3854 esse.
966 3818 968 3823 ·
993 3775 1098 3848 Nunc
1113 3779 1156 3848 de
1172 3779 1312 3849 foedere
1334 3803 1438 3850 nemo

446 3905 512 3968 nec
528 3883 736 3961 liutherum
752 3910 818 3956 nec
839 3908 896 3952 me
918 3879 1107 3953 consuluit.
1159 3874 1252 3952 atta
1273 3877 1441 3973 περὶτῆς

447 3989 630 4087 ζητήσεως
643 3991 781 4059 diserte
788 3981 856 4054 hoc
872 3983 1026 4076 positum
1041 3994 1110 4065 est,
1131 3980 1164 4050 si
1180 3982 1224 4051 de
1245 3982 1439 4055 restitutio-

447 4121 495 4166 ne
528 4101 717 4184 ageretur,¹
739 4112 784 4157 ne
807 4081 1077 4177 impediremus,
1112 4083 1180 4160 sed
1207 4084 1239 4152 si
1266 4085 1439 4172 attingere

427 4218 633 4290 personam
656 4190 857 4282 principum
879 4183 1013 4253 vellent
1033 4183 1220 4269 nonnulli,
1254 4209 1342 4277 quos
1362 4185 1440 4266 seis,

317 4333 319 4336 ·
430 4380 433 4386 ¹
447 4310 637 4373 uterentur¹
647 4317 719 4362 suo·
728 4292 817 4372 iure,
840 4285 978 4378 siquod
991 4282 1025 4351 ei
1038 4283 1441 4373 promittuotluriscon-

449 4399 544 4474 sulti.
594 4392 696 4464 llanc
715 4384 905 4462 ἐπιείκειαν
921 4400 1038 4455 tamen
1052 4385 1339 4457 moderadissime
1355 4387 1441 4456 scri-

448 4489 730 4592 psitLutleeros,
745 4506 780 4563 et
794 4488 850 4559 rix
861 4484 1007 4587 extorsit
1022 4480 1105 4556 ittio
1119 4479 1297 4582 dricmp').
1322 4487 1444 4572 lhabes

449 4603 571 4673 omnia
584 4593 851 4687 simplicissime.
878 4586 921 4659 ln
935 4587 1064 4680 quibus
1073 4581 1244 4667 nihilcsse
1260 4584 1453 4679 peccatum'

351 4745 354 4755 ·
448 4730 469 4772 a
485 4702 605 4784 uobis,
631 4717 733 4789 spero
749 4710 788 4765 te·
806 4689 1095 4759 animadvertere.
1145 4687 1201 4758 De
1223 4690 1441 4759 foedereui-

371 4883 373 4887 .
449 4800 504 4873 hil
519 4800 630 4889 magis
645 4796 880 4882 laborandum
895 4789 1000 4860 uobis
1015 4803 1119 4880 puto,
1145 4804 1233 4862 etot
1250 4813 1372 4863 verum
1387 4791 1445 4859 fa-

449 4919 542 4979 tear,
575 4902 624 4968 ita
646 4895 812 4966 inclinari
832 4916 889 4961 res
911 4890 1131 4980 temporibus
1152 4891 1311 4976 videtur,
1345 4903 1443 4961 utet

449 5003 542 5072 illud
557 5001 722 5069 uitiosum
740 4996 810 5065 dici
829 5006 990 5083 oportere
1007 5014 1081 5060 non
1099 4994 1307 5074 existimem,
1333 5016 1448 5084 quare.

449 5106 634 5184 redeamus
647 5101 692 5167 ad
705 5119 835 5190 preces.
884 5092 1093 5176 amatote,
1117 5117 1219 5186 saepe
1241 5089 1332 5163 mihi
1354 5093 1443 5163 scri-

358 5225 360 5229 ’
450 5206 538 5278 bito.
588 5198 771 5294 Nusquam
797 5193 998 5286 acquiesco,
1023 5195 1118 5285 quod
1142 5198 1266 5266 attinet
1286 5190 1443 5264 adhaec

451 5298 695 5395 παραμύθια,
742 5298 811 5368 nisi
853 5297 890 5364 iu
909 5349 912 5355 .
931 5294 1001 5364 tuis
1041 5296 1164 5371 literis.
1199 5283 1324 5370 ¹Bene
1353 5296 1443 5366 vale.

452 5403 573 5477 Xllll.
589 5402 662 5477 Cal.
680 5400 786 5471 ltlart.
802 5395 913 5471 natali
930 5418 1018 5493 meo.
1037 5478 1040 5485 Ι

465 5548 468 5556 ·
1200 5490 1393 5576 Φίλιππος.

453 5639 680 5663 m
757 5649 762 5654 .

484 5758 514 5826 ¹⁸)
533 5755 672 5807 Pantanus
687 5747 718 5804 C.
735 5745 784 5798 W
784 5779 793 5798 .
1013 5760 1017 5766 ·
1056 5776 1060 5786 ·

2405 615 2483 686 472

2312 760 2468 856 sorau,

2302 879 2475 907 Μ

1508 621 1614 698 LlB.
1654 621 1716 692 vt.
1771 616 1899 694 1531.
1955 550 2033 657 θ’·

1491 788 1760 863 N0.958.959.

1496 891 1750 928 ..ψ-ν

1601 959 1833 1042 Daucisoo
1862 967 1904 1036 el
1927 953 2133 1044 Hemr'co,
2156 949 2368 1062 Regibus.

1557 1139 1578 1201 l·
1597 1136 1632 1191 Rs
1645 1133 1812 1206 autographo
1829 1131 1896 1186 Mel.
1911 1130 1939 1183 in
1953 1126 2232 1184 tabulanvinariensi
2245 1128 2313 1200 lieg.
2323 1128 2358 1183 ll.
2376 1129 2425 1182 fol.
2438 1131 2481 1182 st.
2550 1112 2551 1115 Ἴ

1595 1204 1647 1257 No.
1665 1207 1709 1256 «tt.
1747 1203 1823 1254 lussu
1834 1197 1971 1269 Principis
1990 1198 2123 1252 Electoris
2138 1196 2297 1250 Melanthon
2319 1199 2481 1280 conscrip›it

1592 1273 1683 1326 literas
1697 1269 1791 1325 latinas
1809 1287 1825 1320 a
1838 1268 2053 1320 protestantibus
2070 1275 2130 1318 tum
2146 1265 2311 1335 Franclseo,
2330 1260 2397 1337 Regi
2412 1269 2482 1317 tnt-

1593 1339 1661 1408 lise,
1680 1350 1737 1392 tum
1754 1336 1893 1399 Hennes,
1911 1332 1983 1404 Regi,
2001 1335 2043 1386 Aa
2063 1332 2113 1386 liae
2143 1332 2286 1386 mittendas
2327 1350 2381 1402 qus
2400 1333 2433 1385 de
2453 1351 2481 1385 re

1592 1403 1655 1466 sid..
1666 1403 1847 1460 Seeleodorf.
1866 1404 1893 1455 in
1911 1401 1978 1455 hist.
1999 1352 2078 1454 Loth.
2092 1369 2140 1454 lib.
2155 1400 2203 1453 lll.
2228 1419 2256 1471 p.
2270 1370 2303 1454 &⁹
2318 1412 2345 1454 et
2362 1399 2481 1453 Sleidsni
2548 1451 2550 1454 Α

1593 1485 1744 1532 comment.
1759 1472 1808 1525 lib.
1821 1470 1892 1526 Vlll.
1911 1489 1939 1542 p.
1952 1469 2015 1525 207.
2029 1488 2102 1541 sqq„
2114 1468 2163 1522 ubi
2175 1461 2260 1522 etiaui
2271 1466 2368 1539 pald.
2380 1478 2406 1522 et
2419 1468 2480 1521 214.

1592 1544 1725 1598 habentur
1739 1558 1869 1612 responsa
1884 1557 1979 1610 regum
1998 1537 2090 1595 atlhas
2107 1537 2210 1591 literas.
2226 1567 2262 1582 -
2296 1535 2345 1590 Est
2362 1537 2391 1588 in
2406 1537 2480 1590 Actis

1540 1654 1546 1663 .
1593 1611 1688 1665 Vinar.
1707 1611 1786 1663 etiam
1809 1609 1896 1661 versio
1917 1604 2074 1679 germanica
2092 1602 2222 1677 epistolae
2241 1621 2324 1658 manu
2345 1603 2480 1675 &palatini

1544 1696 1549 1725 1
1592 1681 1707 1751 scripta,
1725 1674 1890 1732 hauddubie
1906 1675 1934 1728 in
1950 1693 2030 1730 usam
2045 1671 2180 1744 Principis
2195 1671 2337 1727 blectoris.
2378 1665 2383 1676 ⁸

1932 1862 1936 1879 ·
1965 1813 2009 1889 A.

1489 1943 1658 2042 Inclyta,
1682 1933 1946 2010 Potentissimo·
1961 1957 2006 2006 oc
2024 1926 2352 2029 Christr'aoissimo
2362 1925 2479 2008 Pria-

1250 2069 1253 2076 '
1365 2070 1368 2075 ·
1398 2081 1403 2093 ·
1490 2046 1578 2146 cipi,
1597 2039 1653 2116 'F
1655 2039 1885 2120 concisso,
1913 2030 2148 2110 Francorum
2164 2030 2289 2135 Regi,
2322 2058 2478 2104 conson-

1562 2146 1697 2241 guineo
1716 2151 1748 2212 et
1767 2132 2062 2211 domioo'no‘stro
2081 2134 2276 2208 carissimo
2300 2144 2409 2233 atque

1842 2236 2136 2319 clementissimo,

1489 2362 1531 2453 S.
1549 2380 1594 2479 D
1610 2395 1644 2451 et
1658 2366 1773 2449 officia
1796 2398 1859 2447 sua
1873 2367 2195 2467 Regiae‘Dignitati
2220 2382 2375 2454 vestraer
2398 2392 2480 2439 cum

1490 2483 1619 2555 debitis
1639 2477 1818 2572 obsequiis
1834 2470 2076 2563 etreverentia
2090 2470 2256 2542 offerunt.
2307 2466 2401 2539 Cum
2422 2470 2482 2536 io-

1490 2586 1575 2680 clyti
1590 2598 1623 2654 et
1636 2575 1930 2653 Christianisslmi
1943 2564 2224 2664 ¹reges‘l'rauciae
2241 2593 2380 2661 semper
2397 2594 2480 2658 erga

1489 2688 1641 2756 maiores
1662 2683 1822 2763 nostros,
1845 2670 2043 2758 Electore's,
2069 2687 2103 2742 et
2128 2671 2216 2740 alios
2239 2670 2418 2769 principes
2441 2696 2481 2739 ac

1491 2782 1641 2880 pupulos
1651 2780 1865 2853 Germaniae
1881 2775 2053 2866 singulari
2064 2768 2317 2842 benevolentia
2329 2773 2385 2849 usi
2397 2770 2482 2850 siut,

1490 2910 1556 2959 nos
1570 2888 1609 2956 in
1626 2878 1966 2972 causa-gravissima,
1989 2875 2073 2946 freti
2088 2871 2332 2944 benevolentia
2347 2870 2481 2962 Regiae

1489 2987 1681 3079 Dignitatis
1696 2984 1842 3054 Vestrae
1856 3000 1937 3070 erga
1949 3000 2033 3062 uos,
2057 2975 2223 3046 duximus
2238 2975 2282 3043 ad
2299 2997 2375 3042 eam
2393 2974 2482 3041 scri-

1490 3093 1760 3168 bendumesse,
1785 3078 1993 3175 prse'se'rtim
2015 3098 2095 3150 cum
2118 3071 2187 3145 bod
2207 3074 2388 3164 negotium
2411 3096 2481 3142 uo-

1490 3207 1601 3264 strnm
1625 3212 1701 3259 non
1716 3185 1841 3256 solum
1860 3184 1906 3252 ad
1930 3203 2011 3264 nos,
2035 3179 2096 3251 sed
2112 3177 2165 3245 ,ad
2187 3175 2294 3245 totius
2315 3174 2480 3244 ecelesiae

1490 3290 1703 3364 christianae
1734 3299 1865 3357 statum
1896 3295 1947 3354 et:
1964 3278 2257 3373 tranquillitatem
2294 3275 2482 3366 pertineat,

1489 3417 1596 3488 quam
1611 3390 1744 3480 Regiae
1757 3385 1804 3456 D.
1819 3383 2021 3473 Vr'proaua
2037 3382 2167 3471 pietate
2179 3379 2311 3447 scimus
2328 3376 2481 3446 maxime

1490 3512 1594 3564 esseae
1623 3513 1709 3561 esse.
1766 3484 1949 3574 Rogamus
1980 3477 2303 3571 igitur,'t1t·regia
2327 3477 2504 3566 dignitas·

1490 3609 1604 3665 vestra
1614 3587 1684 3668 has
1697 3589 1816 3659 literas
1823 3585 2022 3671 clementer
2034 3581 2180 3672 accipiat
2197 3594 2231 3648 ct
2245 3574 2447 3668 cognoscat·
2541 3567 2544 3570 ’

1550 3699 1556 3705 ’
1587 3693 1671 3764 Noir
1688 3690 1918 3768 dubitamus,
1949 3684 2041 3778 quin
2060 3681 2172 3770 Regia
2193 3679 2240 3754 D.
2261 3679 2306 3753 t’.
2324 3682 2393 3772 'pro
2417 3703 2481 3750 sua

1490 3788 1869 3889 excellentisupient'ia
1889 3785 1995 3870 s'ciat,
2028 3798 2180 3853 veterem
2202 3804 2276 3850 esse
2300 3781 2478 3874 querelam

1490 3894 1684 3967 mrrltomm
1718 3896 1895 3963 bonorum
1921 3901 1954 3957 et
1979 3883 2236 3977 praestantium
2259 3881 2420 3951 virorum
2441 3882 2478 3949 in

1490 3999 1633 4069 ecclesia
1649 4000 1693 4064 de
1707 3992 1875 4064 abusibus
1897 3987 2156 4066 ecclesiasticis,
2183 4006 2273 4076 quos
2294 3997 2376 4052 ante
2394 3978 2481 4051 haec

1491 4114 1648 4193 tempora
1665 4096 1768 4167 multi
1783 4091 1893 4162 sancti
1910 4092 2026 4179 patres
2048 4084 2275 4162 taxaverunt,
2301 4099 2335 4155 ct
2359 4084 2492 4175 prori-¹

1492 4225 1546 4270 me
1567 4199 1688 4268 multis
1707 4195 1846 4287 scrist
1870 4184 2100 4281 reprehendit
2116 4185 2185 4254 -vir
2215 4185 2387 4269 excellens
2413 4181 2482 4252 Io-

1491 4296 1634 4369 hannes
1649 4292 1791 4368 Gerson
1806 4295 1843 4361 in
1858 4292 1988 4384 inclyta
2006 4285 2125 4358 schola
2140 4285 2340 4367 Parisiensi.
2373 4283 2479 4354 Forte

1491 4417 1606 4473 autem
1624 4397 1752 4469 accidit
1766 4396 1858 4487 apud
1872 4415 1968 4475 nos,
1992 4405 2033 4461 ut
2055 4381 2220 4459 monachi
2241 4386 2386 4477 quidam
2409 4387 2478 4453 cir-

1491 4505 1706 4573 cumferrent
1731 4494 1987 4584 indulgentias,
2023 4514 2149 4585 easque
2173 4488 2248 4556 sinc
2270 4485 2377 4552 modo
2400 4484 2478 4554 lau-

1491 4607 1615 4674 darent
1640 4614 1782 4694 propter
1804 4595 1987 4692 quaestum
2013 4616 2093 4661 eum
2117 4584 2328 4658 contumelia
2343 4578 2477 4654 Christi

1492 4721 1526 4774 et
1559 4728 1640 4773 cum
1672 4700 1830 4792 periculo
1866 4697 2075 4766 animamm.
2130 4687 2180 4756 Hi
2200 4709 2281 4754 cum
2303 4685 2380 4753 sine
2403 4685 2480 4756 ulla

1492 4807 1679 4876 acerbitate
1694 4803 1750 4895 pie
1766 4815 1801 4871 et
1813 4801 1966 4869 fraterne
1981 4789 2150 4864 admoniti
2166 4799 2313 4857 essenta
2330 4786 2481 4879 quibus-

1493 4908 1575 4977 dam
1591 4906 1695 4976 bouis
1708 4917 1741 4973 et
1754 4902 1868 4972 doctis
1886 4898 1971 4966 viris
1989 4893 2083 4984 apud
2098 4913 2182 4973 nos,
2207 4901 2248 4956 ut
2264 4889 2480 4974 moderatius

1493 5022 1653 5099 agerent,
1673 5003 1790 5075 statim
1812 5011 2002 5091 coeperunt
2025 4993 2189 5064 atrociter
2213 4991 2382 5058 detonare
2403 4985 2481 5069 hos,

1493 5109 1659 5202 spritus
1672 5104 1843 5174 admoniti
1867 5113 1978 5172 erant.
2027 5094 2079 5165 lta
2102 5094 2295 5183 rodgeruut
2315 5091 2393 5175 eos,
2412 5114 2479 5180 pu-

1494 5211 1584 5283 blice
1600 5209 1782 5276 veritatem
1797 5204 1996 5273 defendere.
2041 5201 2082 5266 In
2100 5191 2158 5264 his
2173 5190 2477 5283 disputationibus,

1494 5327 1538 5382 ut
1553 5314 1608 5395 ht,
1645 5311 1755 5382 etiam
1773 5305 1836 5374 alii
1860 5303 2005 5395 quidam
2030 5300 2160 5372 abusus
2177 5289 2400 5363 ecclesiastici
2421 5313 2479 5365 re-,

1494 5409 1663 5506 prehensi¹
1688 5423 1788 5490 suut,
1803 5434 1806 5445 ·
1824 5406 1886 5474 sed
1908 5402 2168 5491 illi,‘quomm
2199 5391 2419 5485 impudentia
2446 5404 2480 5458 ct

1496 5513 1754 5584 nundinatione
1768 5496 2069 5593 indulgentiarum
2087 5496 2249 5589 praebuit
2263 5493 2480 5564 occasionem

1494 5614 1577 5686 huic
1605 5613 1823 5700 tragoediae,
1843 5605 2066 5684 ¹effecerunt,
2095 5613 2136 5668 ut
2156 5596 2316 5667 doctrina
2338 5604 2480 5660 nostro-

1495 5714 1592 5800 rum,
1619 5714 1681 5806 qui
1700 5699 2171 5798 abusus‘ceprehenderant,
2194 5721 2274 5766 mox
2293 5691 2370 5761 siue
2392 5692 2481 5779 legi-
