5434 6717
665 630 813 719 855
1790 620 2661 703 EPISTOLARUM

667 803 1089 879 tumultuari
1140 825 1288 894 11an
1337 813 1438 872 est
1471 822 1773 874 necesse.
1865 799 2063 871 Bene
2091 799 2335 868 valete.
2424 790 2647 865 Orate

666 932 799 1001 pro
843 932 960 976 me
997 917 1067 974 et
1114 927 1245 995 pro
1292 901 1515 991 gloria
1543 898 1830 972 Christi.
1930 900 2154 972 Datae
2183 898 2647 986 Vuitehergae

671 1009 760 1083 A.
798 1002 1020 1081 1635.

1556 1126 1584 1144 ·
1666 1098 2045 1194 Philippus
2097 1094 2545 1172 Melanthon.

674 1409 808 1483 No.
844 1407 1064 1480 1262.
2327 1409 2392 1473 4.
2427 1405 2604 1468 Mart.

979 1573 1430 1695 ‘Sturmius
1490 1571 1613 1654 ad
1670 1570 2327 1687 Melanthonem.

814 1755 859 1810 E
899 1754 1090 1810 codice
1127 1751 1320 1807 Bavari
1348 1749 1472 1805 vol.
1506 1748 1576 1802 11.
1613 1768 1666 1820 p.
1694 1748 1817 1802 541.
1865 1766 2010 1801 nunc
2047 1745 2206 1800 edita.
2280 1745 2517 1799 liabetur
2544 1762 2650 1813 po-

855 1823 1079 1877 “sterior
1124 1821 1282 1874 buius
1329 1818 1583 1890 epistolae
1632 1836 1753 1888 pars
1801 1817 1858 1869 in
1907 1815 2036 1869 cod.
2083 1812 2343 1885 Lipsiensi
2397 1830 2480 1884 ep.
2531 1812 2650 1866 108.

882 1891 1043 1943 Prior
1068 1909 1188 1961 pars
1218 1887 1475 1958 epistolae
1514 1904 1686 1955 usque
1726 1885 1792 1938 ad
1837 1884 2031 1939 verba:
2081 1887 2210 1953 „ad
2243 1899 2411 1934 suum
2442 1883 2651 1945 pn‘nci-

758 1991 769 2001 ·
872 1977 1008 2026 pem
1036 1961 1400 2010 remittantur·
1520 1954 1659 2006 edita
1688 1964 1767 2006 est
1781 1952 1895 2006 'iam
1927 1953 1985 2005 in
2011 1951 2248 2004 Sculeeli
2281 1950 2461 2002 annal.
2503 1958 2556 2000 et
2594 1948 2650 2000 iu

879 2027 1085 2078 Herm.
1130 2042 1239 2077 von
1275 2027 1382 2075 der
1405 1991 1597 2074 H'ardt
1636 2020 1757 2073 hist.
1794 2020 2021 2074 reform.
2048 2019 2186 2073 liter.
2226 2018 2288 2070 P.
2312 2015 2403 2071 lv,
2446 2036 2500 2088 p.
2531 2017 2651 2069 194.

880 2093 1074 2147 Totam
1102 2092 1268 2145 edidit
1292 2110 1321 2143 e
1346 2091 1527 2160 Msto,
1574 2108 1684 2141 non
1721 2090 1847 2140 dixit
1882 2107 2023 2160 quo,
2071 2086 2312 2139 Ser-obet.
2341 2083 2395 2136 in
2422 2083 2653 2155 append.

880 2162 947 2216 ad
990 2161 1311 2215 Comei-arii
1348 2157 1523 2210 Vitam
1573 2155 1834 2209 Melanth.
1878 2176 1927 2225 p.
1967 2157 2124 2224 416„
2186 2155 2362 2208 cuius⁴
2389 2153 2651 2206 lectiones

879 2230 970 2282 hic
997 2226 1400 2297 adscripsimus.
1439 2252 1506 2265 —
1577 2225 1660 2276 De
1688 2233 1827 2276 statu
1857 2233 1908 2276 et
1931 2227 2096 2277 rebus
2125 2222 2332 2276 Galliae
2361 2230 2475 2274 tum
2507 2231 2651 2274 tem-

880 2296 1035 2368 poris
1063 2295 1168 2346 vid.
1201 2290 1474 2348 Camerar.
1499 2293 1554 2344 in
1586 2290 1703 2344 Vita
1733 2292 1996 2347 Melanth.
2032 2302 2084 2346 et
2106 2310 2196 2360 ea,
2253 2308 2389 2360 quae
2417 2288 2651 2343 Strobel.
2695 2284 2698 2297 '¹

883 2363 1062 2435 (Neue
1095 2362 1348 2432 Boin-age,
1382 2379 1481 2415 zur
1517 2359 1619 2412 Lit.
1664 2358 1730 2410 V.
1771 2379 1827 2430 p.
1863 2361 1940 2423 7.)
1980 2380 2038 2413 ex
2080 2360 2254 2419 libros
2298 2359 2559 2412 Actiones
2602 2367 2653 2410 et

884 2432 1223 2486 monimenta
1249 2440 1544 2499 martyrum
1574 2426 1800 2494 (GeneV.
1836 2430 2012 2493 1560.)
2040 2426 2236 2480 attulit.
2273 2457 2341 2468 —
2399 2426 2651 2496 Respon-

882 2519 1002 2554 sum
1029 2499 1095 2553 ad
1123 2498 1264 2552 hanc
1291 2508 1446 2568 epist.
1476 2497 1592 2550 vide
1625 2493 1769 2551 infra
1798 2496 1850 2551 d.
1876 2498 1957 2550 12.
1979 2497 2143 2551 Mart.
2505 2524 2510 2531 ·

682 2657 1092 2735 Ioannes
1159 2634 1640 2725 Sturmiiss
1692 2646 2183 2748 -Philippo
2257 2648 2654 2722 Melan-

1525 2748 1826 2830 lhonL

681 2859 772 2947 Si
836 2879 914 2946 in
975 2878 1363 2948 amicorum
1429 2875 1731 2966 negotiis
1792 2875 1925 2946 tibi
1976 2875 2372 2967 aliquando.
2414 2877 2657 2946 literae
2708 2919 2709 2923 =

665 3003 875 3053 ‚meae
909 2980 1206 3049 fuerunt
1252 2992 1560 3067 gratae,·
1603 2979 1663 3046 si
1708 3001 2025 3070 unquam
2069 2979 2426 3047 bonorum
2466 2977 2659 3047 viro-

681 3104 840 3149 rum
897 3104 1009 3151 res
1065 3082 1292 3151 salvas
1354 3104 1502 3149 esse
1563 3079 1928 3171 cupivisti,
2014 3102 2099 3146 eo
2147 3079 2403 3149 maiori
2452 3101 2661 3148 curae

681 3176 813 3251 hae
833 3176 888 3274 ²)
918 3182 1046 3251 tibi
1077 3205 1221 3251 esse
1252 3183 1551 3260 debent,
1618 3205 1761 3272 quo
1791 3178 2012 3268 magis
2042 3178 2123 3247 in
2153 3180 2515 3249 communi
2550 3202 2660 3248 sa-

682 3284 831 3357 lute
860 3295 930 3351 et
956 3282 1031 3350 in
1068 3283 1578 3375 tranquillitate
1606 3281 1972 3350 retinenda
2006 3274 2465 3374 versamur2).
2569 3277 2662 3350 Ut

683 3383 875 3451 enim
917 3383 993 3450 in
1034 3382 1657 3453 turbulentissimis
1696 3381 2138 3471 maximeque
2178 3375 2660 3471 periculosis³)

681 3483 1249 3572 tempestatibus),
1317 3484 1414 3551 ita
1443 3484 1785 3551 iactamur
1818 3504 1899 3548 ex
1930 3481 2199 3570 optimo
2232 3494 2299 3549 et
2330 3475 2661 3569 pulcher-

686 3583 871 3652 rimo
920 3595 1142 3665 statu,
1191 3572 1409 3651 'cuius
1452 3583 1660 3652 nobis
1710 3582 1848 3649 viri
1904 3582 2288 3671 prudentes
2341 3595 2661 3649 auctores

683 3688 1030 3768 fuerunt,
1073 3684 1149 3752 in
1194 3684 1533 3753 maximas
1578 3683 2038 3764 calamitates,
2116 3696 2183 3750 et
2229 3683 2306 3750 in
2352 3703 2662 3750 summas

614 3804 618 3808 ·
688 3808 1061 3854 aerumnas
1114 3785 1711 3875 ineptissimorum
1760 3779 2132 3851 hominum
2177 3782 2491 3851 consiliis
2536 3784 2660 3851 de-

693 3888 869 3977 lapsi
934 3886 1199 3956 fuimus
1226 3886 1307 3978 ⁴).
1426 3885 1692 3976 Scripsi
1763 3886 1897 3954 tibi
1960 3884 2307 3974 superiori
2370 3879 2661 3977 anuo⁸),

692 4012 904 4082 quam
936 3982 1231 4078 pulchre
1272 4001 1647 4068 staremuS‚
1715 4010 1925 4079 quam
1968 3987 2149 4054 bene
2183 3983 2514 4074 deRegis
2544 4009 2662 4053 ae-

691 4090 960 4181 quitate
1005 4090 1429 4177 sperandum
1482 4103 1688 4170 esset3
1744 4087 2283 4174 gratulabamur
2331 4099 2480 4155 tum
2529 4110 2664 4152 no-

691 4190 802 4261 bis
834 4188 1174 4256 invicem:
1235 4191 1354 4256 sed
1403 4213 1558 4256 eam
1588 4190 2022 4278 occasionem
2057 4183 2379 4255 homines
2412 4186 2664 4256 furiosi

687 4315 910 4384 prope
967 4290 1176 4358 nobis
1199 4283 1258 4381 ⁶)
1323 4290 1792 4358 abstulerunt.
1908 4286 2045 4356 Per
2109 4311 2418 4355 mensem
2474 4287 2660 4355 enim

689 4388 1119 4483 Octobrem,
1184 4388 1410 4482 (quod
1455 4415 1602 4460 non
1641 4390 1808 4456 satis
1850 4412 1997 4457 esse
2039 4402 2412 4477 putarunt,
2484 4387 2664 4455 laeta

687 4493 840 4563 fieri
883 4492 1275 4583 principia,
1355 4493 1547 4583 quod
1591 4503 2027 4571 metuerunt,
2103 4513 2347 4578 parum
2403 4488 2665 4557 multos

690 4594 843 4664 fore
871 4618 1159 4662 suarum
1185 4592 1495 4684 partium
1532 4592 1672 4660 nisi
1701 4591 1983 4669 astutiS,
2047 4605 2126 4662 ut
2166 4591 2334 4679 ipsis
2375 4590 2667 4658 videba-

694 4797 984 4867 sissimis
1012 4795 1408 4864 rationibus
1436 4818 1647 4883 regna
1682 4809 1749 4863 et
1777 4806 2015 4882 gentes
2045 4787 2668 4887 perturbarent⁷),)

693 4897 975 4979 libellos
1008 4918 1154 4964 uno
1200 4910 1547 4984 tempore,
1613 4897 1700 4963 de
1746 4895 2120 4964 ordinibus
2170 4893 2670 4976 ecclesiasticis,

697 5002 798 5091 dg.
837 4995 1099 5079 Missa,
1180 4998 1267 5065 de
1324 4992 1808 5079 Eucharistia,
1884 5020 2010 5086 per
2069 4994 2468 5064 universam
2523 4995 2686 5062 fere-

694 5097 1009 5170 Galliam
1070 5111 1274 5167 nocte
1344 5099 1421 5165 in
1483 5092 1892 5192 omnibus⁸)
1956 5097 2234 5185 angulis
2300 5096 2674 5192 affixerunt
2723 5154 2724 5165 ,

770 5311 825 5370 1)
860 5312 962 5360 hae
992 5327 1107 5361 non
1139 5308 1296 5360 habet
1323 5304 1510 5357 Strob.

770 5375 829 5442 2)
861 5376 1039 5429 Strob.
1072 5386 1127 5428 et
1154 5386 1322 5443 tranq
1365 5382 1473 5428 ret.
1503 5382 1820 5428 versantur.

768 5444 830 5510 8)
859 5443 1045 5496 Strob.
1070 5445 1419 5509 perniciosis.

764 5510 825 5577 4)
861 5511 1045 5563 Strob.
1076 5521 1130 5563 et
1152 5527 1442 5564 summas.
1465 5545 1484 5564 .
1504 5546 1519 5562 .
1548 5526 1764 5564 sumus.

670 5586 676 5593 “
763 5582 827 5648 5)
864 5577 958 5632 Sic
982 5579 1166 5630 Strob.
1194 5598 1294 5646 pro
1324 5580 1708 5648 ante-omniu,
1746 5589 1803 5631 ut
1836 5577 1991 5631 babet
2020 5579 2141 5633 eod.
2168 5577 2303 5632 Bar.

729 5662 736 5670 '
769 5650 830 5716 6)
869 5647 1054 5702 Strob.
1083 5665 1306 5696 onmem
1332 5665 1432 5714 pro
1465 5647 1639 5700 nobit.

705 5752 716 5759 -
769 5718 826 5784 7)
864 5715 1048 5773 Strob.
1078 5731 1171 5766 res
1197 5714 1437 5778 indicae,
1467 5717 1624 5768 stult.
1646 5751 1660 5767 .
1680 5750 1695 5766 .
1713 5750 1729 5767 .
1755 5715 2204 5779 perturbamur.

770 5786 826 5856 8)
862 5785 1116 5839 omnibus
1144 5801 1253 5835 non
1287 5780 1441 5833 Labet
1468 5780 1650 5837 Strob.
1893 5788 1900 5811 ⁹

3048 380 3079 421 l

3324 623 3587 702 1535.
4572 616 4746 695 856

2746 797 3077 893 manibus
3095 790 3194 888 ⁹),
3243 811 3312 867 et
3338 797 3620 887 tragicis
3653 795 4280 866 exclamationibus
4314 802 4475 864 an'te
4501 789 4751 883 Regis

2745 896 2955 966 etiam
2988 898 3317 968 conclave
3348 899 3911 989 agglutinarunt,
3961 922 4102 990 quo
4139 896 4436 966 certiora
4470 907 4542 964 et
4575 918 4750 962 ma-

2747 999 2852 1088 gis
2879 991 3251 1093 quoque⁸)
3281 1000 3674 1090 perniciosa
3702 999 4019 1092 pericula
4048 1003 4473 1069 crearentur.
4538 994 4747 1065 Nam

2747 1101 3198 1190 perturbatus
3257 1095 3389 1168 hac
3448 1124 3523 1168 re
3586 1100 3929 1193 populuS,
4002 1099 4286 1169 territae
4331 1099 4747 1169 multorum

2752 1202 3243 1291 cogitationes,
3303 1202 3635 1271 concitati
3677 1199 4170 1290 Magistratus,
4244 1200 4746 1268 inflammatus

2750 1298 2948 1387 Rex,
3005 1302 3706 1392 gravissimaiudicia
3743 1297 4340 1395 instituerunt'⁰),
4412 1325 4547 1370 nec
4586 1301 4747 1368 ima

2752 1404 3039 1487 merito,
3110 1403 3170 1471 si
3215 1417 3451 1473 tamen
3506 1404 3583 1471 in
3605 1401 3679 1494 ¹¹)
3724 1427 3801 1471 re
3842 1404 4095 1471 modus
4151 1403 4420 1471 servari
4472 1406 4746 1493 poSset.

2751 1501 2861 1573 Ex
2899 1503 3199 1574 consciis
3239 1504 3527 1597 quidam
3576 1499 3996 1595 deprehensi
4047 1512 4311 1594 poenas
4351 1505 4740 1581 dederunt,

2753 1606 3042 1698 quidam
3088 1618 3358 1674 mature
3403 1605 3536 1674 sibi
3587 1605 4031 1674 consulentes
4077 1606 4535 1693 aufugerunt3
4599 1606 4739 1696 qui

2753 1708 2842 1775 ad
2876 1730 2947 1775 se
2981 1731 3057 1775 ea
3093 1706 3399 1796 pericula
3429 1722 3736 1797 spectare
3777 1730 3922 1775 non
3969 1706 4348 1794 putabant,
4411 1705 4531 1798 qui
4571 1730 4734 1774 non
4788 1724 4793 1729 ·

2753 1807 3216 1894 contaminati
3246 1819 3446 1875 erant
3475 1832 3556 1876 eo
3592 1808 3877 1891 scelere,
3943 1803 4020 1874 hi
4069 1800 4277 1875 etiam
4328 1807 4406 1873 in
4450 1820 4737 1897 partem

2753 1933 3142 2000 poenarum
3191 1909 3508 1979 veniunt.
3619 1906 3987 1978 Delatores
4018 1921 4085 1977 et
4119 1906 4744 1997 Quadruplatores

2751 2010 3035 2102 publice
3062 2023 3594 2098 comparantur3
3661 2008 3953 2080 cuilibet
3977 2009 4189 2078 simul
4222 2022 4289 2078 et
4316 2009 4470 2078 testi
4502 2022 4575 2078 et
4617 2032 4747 2078 ac⁶

2753 2112 3056 2182 cusatori
3085 2110 3160 2178 in
3194 2105 3322 2180 hac
3351 2135 3556 2181 causa
3576 2107 3656 2204 ¹²)
3687 2134 3832 2180 esse
3858 2112 4042 2180 licet.
4141 2107 4306 2178 Non
4334 2134 4514 2180 vana
4534 2126 4749 2195 sunt,

2754 2237 2930 2306 quae
2966 2212 3235 2292 scribo,
3283 2209 3529 2306 [etsi¹³)
3577 2209 3869 2298 habeto,
3932 2236 4046 2280 me
4093 2235 4220 2279 nec
4264 2213 4505 2281 omnia
4558 2213 4749 2281 scri-

2752 2316 2956 2399 bere,
3006 2338 3134 2382 nec
3164 2314 3257 2382 ita
3292 2314 3632 2398 scribere,
3698 2328 3779 2402 ut
3810 2315 4123 2405 ipsarum
4162 2336 4399 2381 rerum
4448 2314 4749 2383 luctuo-

2755 2416 3024 2485 sissima
3085 2414 3437 2484 conditio
3468 2415 3791 2509 requirit.
3942 2409 4359 2483 Octodecim
4434 2415 4748 2485 ustulati

2757 2530 2957 2601 sunt,
3033 2517 3274 2607 plures
3320 2516 3507 2584 idem
3561 2510 4057 2610 periculum⁸⁴)
4103 2528 4464 2605 expectant
4482 2513 4523 2607 3!
4584 2541 4749 2586 ser-2
4790 2586 4803 2596 ,

2755 2630 2936 2710 punt
2994 2617 3313 2709 quotidie
3370 2618 3581 2687 latius
3638 2617 3988 2709 pericula,
4068 2639 4298 2708 neque
4354 2617 4747 2709 quisquam

2760 609 2979 698 Lm.
3048 597 3215 701 vn}

2710 2792 2711 2798 χ
2759 2732 2897 2798 est,
2973 2719 3099 2810 qui
3144 2719 3378 2788 bonus
3423 2719 3547 2803 sit,
3625 2720 3749 2812 qui
3799 2741 4032 2810 neque
4081 2718 4481 2787 extimescat
4538 2719 4749 2789 calu-³

2710 2814 2711 2850 ³
2758 2819 2988 2889 mnias
3007 2833 3074 2889 et
3087 2811 3203 2914 ¹'‘¹'‘)
3226 2820 3511 2904 iudicia,
3539 2844 3771 2913 neque
3796 2820 4046 2889 dolore
4075 2818 4749 2907 indignissimorum
4810 2824 4841 2843 ‘²

2759 2921 3311 3013 spectaculorum
3382 2921 3811 2992 conficiatur.
3952 2917 4286 3008 Regnant
4347 2922 4747 2990 adversarii

2760 3023 3012 3107 nostri,
3061 3036 3123 3091 et
3158 3047 3239 3092 eo
3269 3023 3509 3112 magis,
3548 3024 3739 3116 quod
3756 3014 3921 3115 1“”““““““)
3951 3021 4153 3090 iustis
4181 3022 4267 3090 de
4296 3021 4523 3089 causis
4548 3024 4749 3092 obti-

2761 3124 2998 3192 nuisse
3018 3119 3096 3218 ¹⁵)
3128 3125 3541 3210 videantur,
3602 3139 3684 3195 ut
3724 3124 3804 3191 in
3835 3122 4170 3214 pacandis
4200 3123 4530 3192 seditiose
4550 3148 4747 3192 con-

2762 3226 2990 3295 citatis
3030 3226 3242 3295 rebus
3280 3238 3594 3316 regnent.
3712 3222 3799 3292 In
3858 3237 3968 3293 tot
4017 3223 4370 3315 tantisque
4423 3219 4738 3319 malis¹⁶)

2762 3326 2992 3394 solum
3039 3321 3172 3394 hae
3214 3351 3370 3418 spes
3412 3351 3543 3396 nos
3593 3328 3730 3395 iam
3774 3319 4232 3418 reficiunt¹⁷),
4296 3326 4354 3392 si
4402 3325 4743 3394 immanis

2762 3427 2892 3495 ista
2923 3427 3252 3496 severitas
3280 3427 3544 3517 populo
3579 3426 3951 3516 displicere
3978 3425 4306 3517 incipiat,
4369 3425 4428 3493 si
4460 3426 4779 3507 rex-inf

2761 3526 3061 3615 telligat,
3125 3528 3426 3600 nimium
3482 3528 3679 3596 sitire
3738 3526 4305 3596 calamitosorum
4357 3521 4740 3596 hominum

2761 3627 3173 3716 sanguinem
3191 3681 3211 3710 ,
3272 3653 3311 3696 a
3345 3616 3604 3721 quibus
3634 3605 4062 3697 alienissima
4088 3649 4235 3695 esse
4260 3626 4538 3695 deberet
4565 3627 4743 3696 vin-

2762 3729 2987 3798 dictae
3018 3728 3384 3819 cupiditas.
3484 3724 3683 3799 Odio
3723 3728 3915 3797 enim
3939 3750 4234 3817 magno,
4274 3750 4441 3796 non
4486 3731 4747 3820 aequi-

2762 3842 2936 3913 tate,
3001 3852 3203 3918 agere
3249 3831 3601 3902 videntur.
3722 3828 3802 3900 Si
3844 3831 4081 3900 videat
4125 3821 4552 3923 μιαιφόνων
4601 3827 4744 3899 ho-

2761 3926 3022 4021 rum¹⁸)
3086 3945 3388 4012 mentes,
3476 3930 3883 4015 inclinabit,
3970 3944 4051 4001 ut
4100 3953 4492 4021 speramus,
4587 3933 4746 4002 eius

2764 4033 3079 4114 animus,
3145 4047 3214 4101 et
3255 4033 3546 4101 meliora
3589 4032 3813 4122 capiet
3843 4032 4154 4101 consilia.
4255 4027 4386 4100 Est
4418 4027 4554 4100 hoc
4592 4035 4746 4101 exi-

2746 4156 2978 4222 guum
3012 4133 3342 4203 solatium
3364 4186 3384 4216 ,
3431 4135 3551 4202 sed
3584 4147 3817 4202 tamen
3845 4157 3992 4202 non
4025 4133 4452 4215 diffidimus,
4503 4130 4743 4204 Deum

2765 4257 2950 4319 esse,
3001 4234 3126 4328 qui
3168 4236 3660 4303 moderaturus
3713 4233 3802 4301 sit
3850 4229 3977 4302 has
4024 4246 4461 4324 tempestates
4482 4228 4627 4328 ¹²³),
4677 4251 4749 4305 et
4832 4321 4837 4325 .

2833 4546 2890 4613 9)
2926 4546 3108 4600 Strob.
3140 4545 3483 4596 itnmonibus

2717 4678 2719 4690 ,
2834 4631 2893 4697 *)
2928 4646 3145 4698 quoque
3166 4645 3279 4680 non
3310 4626 3466 4680 babet
3497 4626 3682 4681 Strob.

696 4711 849 4777 tur,
897 4697 1058 4776 sed,
1110 4709 1334 4765 utres
1370 4694 1722 4774 indicant,
1790 4692 2221 4760 stultissimis
2270 4704 2338 4760 et
2377 4689 2666 4759 seditio-
2717 4705 2719 4777 ss

2772 4770 2777 4775 ,
2837 4715 2925 4783 10)
2962 4714 3147 4769 Strob.
3175 4716 3594 4766 consenuerunt.
3702 4776 3707 4781 .

2780 4821 2788 4832 ·
2846 4803 2928 4860 11)
2967 4798 3149 4850 Strob.
3177 4795 3353 4851 addit:
3402 4815 3490 4851 ea.

2840 4882 2928 4948 12)
2971 4881 3155 4952 Strob.
3183 4880 3362 4934 simul
3388 4889 3442 4932 et
3472 4881 3791 4934 accusatori
3811 4889 3862 4934 ct
3890 4875 4025 4933 e'esti
4055 4882 4112 4931 in
4145 4884 4342 4934 eadem
4369 4901 4562 4938 causa.

2843 4964 2928 5033 13)
2966 4964 3150 5018 Strob.
3185 4973 3241 5016 et
3265 4964 3362 5016 sic.

2810 5070 2818 5078 ·
2841 5053 2930 5118 14)
2966 5049 3150 5103 Strob.
3174 5051 3373 5113 plures
3401 5049 3553 5115 eapte·
3571 5050 3718 5100 idem
3743 5047 4084 5112 supplicium.

2837 5134 2935 5200 **)
2971 5141 3051 5200 ee]
3074 5132 3259 5186 Strob.
3292 5149 3379 5188 ac.

2838 5219 2964 5284 ***)
3006 5221 3156 5284 quod
3181 5217 3330 5269 abest
3359 5235 3386 5268 a
3417 5215 3536 5269 cod.
3566 5213 3697 5268 Bav.

2844 5306 2929 5370 15)
2967 5302 3103 5358 Cod.
3131 5301 3402 5354 timuisse.

2837 5391 2924 5453 16)
2962 5388 3098 5444 cod.
3129 5387 3310 5439 rebus.

2844 5475 2934 5539 17)
2971 5472 3155 5527 Strob.
3191 5473 3328 5522 haec
3361 5484 3490 5535 spes
3526 5484 3629 5523 nos
3661 5471 3853 5540 reficit.

2844 5558 2936 5620 18)
2973 5556 3108 5612 Cod.
3136 5555 3259 5607 Bav-
3289 5549 3660 5622 μιαιφόνους,
3706 5565 3758 5608 et
3794 5555 3873 5608 sic
3900 5554 4057 5608 etiam
4088 5555 4327 5610 Strobel.
4398 5559 4513 5615 Pro
4545 5567 4756 5621 'eorum

2909 5625 3092 5680 Strob.
3121 5624 3437 5675 hominum.

2804 5688 2809 5695 ’
2847 5708 2930 5775 19)
2969 5708 3077 5759 Pro
3119 5710 3227 5759 has
3268 5714 3657 5775 tempestates,
3715 5717 3774 5758 ut
3812 5706 3998 5759 Strob.
4042 5708 4239 5776 edidit,
4287 5710 4407 5764 cod.
4428 5712 4566 5770 ,Bam
4595 5719 4760 5779 habet

2912 5781 3011 5830 Ιιοο
3037 5785 3290 5841 tempore
3313 5781 3518 5827 slatus.
