5434 6717
269 561 345 638 625
846 502 1277 636 EPIS'lOLARUM
1327 550 1443 633 ΗΒ.
1479 559 1541 636 Vl.
1595 556 1729 633 1553.
2225 494 2350 631 uass

270 734 337 808 No.
355 733 465 803 1089.
665 781 667 784 ψ
826 724 831 733 ’
881 795 885 801 .
1028 724 1262 817 (incautelae.)
1312 731 1536 800 decreveram
1551 733 1761 815 rescribere,
1794 728 2110 825 postquamaccepi
2126 750 2198 799 una
2218 752 2302 798 cum

277 829 449 862 *Ν
861 905 867 919 ,
1043 829 1254 866 Μ
1313 832 1383 899 tuis
1416 832 1528 902 literis
1561 857 1692 902 munus
1716 824 1954 905 ¹illustrissimi
1987 830 2169 923 principis.
2228 827 2299 901 Sed

602 896 655 984 G·
690 897 935 1009 spalatin&
1311 933 1402 1000 forte
1417 933 1556 1019 accidit,
1580 947 1621 1004 ut
1636 928 1693 1004 hic
1705 958 1806 1005 meus
1818 935 1970 1004 nuncius
1984 945 2089 1032 tunc,
2114 932 2301 1020 ignorante

340 1081 414 1148 tsllr
428 1097 522 1161 apogr.
536 1079 564 1132 in
578 1078 640 1132 cod.
655 1077 755 1133 Dresd.
769 1077 801 1134 C.
816 1077 874 1135 tto.
890 1099 917 1152 p.
930 1076 998 1134 30¹³.
1014 1096 1057 1149 ep.
1072 1077 1132 1149 39,
1155 1073 1260 1132 descri-
1312 1057 1385 1117 me,
1408 1034 1525 1104 nescio
1541 1059 1612 1129 qu⁰
1626 1037 1803 1126 meeclus
1818 1037 1873 1154 Sil·
1924 1032 2046 1128 Imque
2060 1031 2216 1125 Primum
2230 1027 2301 1102 ¹¹⁰!
2396 1092 2400 1103 ·

361 1148 623 1222 ptarotmacbr.
637 1146 809 1203 Ger-cuorus.
1311 1147 1346 1202 te
1359 1158 1423 1202 oro
1443 1150 1586 1227 propter
1600 1149 1696 1206 tuam
1713 1131 1988 1220 humanrtatern,
2020 1148 2060 1204 ut
2076 1129 2168 1202 hane
2182 1155 2308 1203 meam
2363 1176 2366 1181 ·

847 1303 855 1320 ‚
1311 1259 1446 1303 moram
1463 1237 1549 1305 boni
1572 1238 1748 1323 consulas;
1782 1239 1913 1308 deinde·
1934 1251 1973 1306 ut
1998 1259 2074 1305 earn
2097 1234 2189 1325 apu'd
2214 1234 2301 1303 illu-

562 1299 626 1374 Ad
654 1300 973 1401 Spalalmum·
1311 1334 1520 1405 strissimurn
1533 1338 1728 1430 principem
1738 1336 2007 1432 †diligenter”⁴)
2018 1358 2169 1409 excuses.
2184 1333 2299 1402 Valde
2326 1380 2329 1387 ·

272 1420 315 1510 S.
342 1438 387 1514 D.
438 1437 649 1509 Curavimus
672 1451 712 1507 ut
733 1438 817 1509 libri
841 1439 1068 1508 mitterentur
1089 1435 1261 1505 lllustris-
1293 1435 1406 1504 ¹enim
1425 1453 1600 1525 praestare
1617 1440 1740 1530 cupio,
1771 1463 1892 1510 neme
1917 1434 2099 1507 hominem
2119 1437 2308 1523 ingratum·

271 1544 361 1612 simo
377 1539 536 1631 Principi
553 1554 634 1611 ante
649 1539 802 1608 natalem
818 1539 965 1612 domini.
1018 1537 1161 1610 Utinam
1176 1558 1259 1605 veto
1311 1559 1384 1606 csse
1402 1538 1544 1607 iudicet.
1594 1538 1807 1633 Quanquam
1826 1541 1921 1609 enim
1940 1540 2103 1609 libellum
2122 1560 2195 1607 non
2215 1536 2297 1606 misi

272 1629 441 1736 probetur
460 1640 620 1732 Principi
642 1652 803 1711 nostrum
826 1640 1014 1710 consilium
1038 1639 1077 1707 in
1102 1636 1260 1708 emendis
1310 1631 1379 1706 hoc
1411 1639 1579 1725 consilio,
1620 1655 1659 1711 ut
1688 1642 1884 1732 flagitarem
1913 1635 2142 1735 deciduam,
2178 1651 2308 1708 tamen¹

273 1761 343 1814 tauu
357 1743 465 1812 variis
476 1741 590 1814 libris.
645 1737 765 1810 Audio
781 1741 877 1809 enim
892 1741 1045 1810 voluisse
1062 1738 1259 1832 principem
1311 1733 1378 1807 hoc
1402 1741 1547 1809 nomine
1569 1742 1754 1832 praecipue
1777 1739 1869 1812 mihi
1890 1755 2029 1830 gratum
2053 1739 2297 1832 estlprincipis

196 1849 199 1852 ’
273 1861 410 1916 tantum
436 1838 653 1931 theologicos
681 1865 721 1911 ac
744 1855 917 1912 nostrates
936 1842 1048 1911 libros
1070 1839 1159 1924 cmi,
1197 1840 1259 1908 sed
1310 1862 1459 1922 munus,
1484 1845 1580 1934 quod
1596 1841 1679 1912 inde
1693 1844 1930 1915 coniecturam
1945 1842 2059 1927 facio,
2083 1865 2198 1935 neque
2214 1864 2297 1938 eum
2382 1836 2385 1840 ’

273 1944 467 2017 meministi
488 1967 553 2012 nos
569 1967 712 2036 quoque
727 1966 768 2011 ea
783 1945 828 2012 de
849 1968 888 2012 re
911 1942 1131 2035 disputantes
1154 1942 1193 2007 in
1213 1939 1259 2007 li·
1309 1934 1430 2011 hostili
1454 1945 1622 2012 adversus
1643 1967 1700 2011 me
1723 1945 1843 2014 animo
1869 1966 1962 2029 esse,
1998 1966 2111 2037 neque
2135 1943 2167 2012 ei
2194 1942 2298 2011 valde

273 2049 358 2118 teris
380 2045 556 2134 Principis
581 2039 649 2113 hoc
672 2043 841 2134 scripturn
864 2045 997 2133 legere,
1024 2057 1065 2113 ut
1084 2042 1175 2113 varii
1199 2063 1261 2109 seu
1310 2042 1595 2132 inscriptionem,
1641 2058 1703 2114 aut
1730 2046 1830 2114 illam
1862 2070 1977 2115 meam
2008 2046 2047 2112 in
2080 2044 2309 2136 praedatione

273 2147 391 2219 omnis
405 2147 541 2235 generis
556 2144 657 2215 latini
674 2159 708 2213 et
728 2145 920 2233 germanici
941 2144 1025 2214 libri
1049 2156 1259 2215 emerentur.¹
1310 2146 1698 2230 commemorationem,
1739 2146 1868 2241 inqua
1895 2145 2052 2217 studium
2076 2143 2232 2236 parisio
2253 2167 2297 2211 eo
2362 2176 2367 2190 ·

274 2247 415 2336 Quaeso
443 2263 478 2316 te.
500 2247 613 2316 scribe
635 2241 724 2314 mihi
748 2244 908 2335 planius,
947 2259 1068 2315 utrum
1093 2243 1261 2333 Princeps
1310 2245 1493 2335 praedico,
1518 2246 1747 2337 displicuisse.
1788 2245 1987 2319 Meministi
2001 2259 2138 2329 autern,
2158 2268 2215 2313 me
2230 2245 2298 2315 tibi

179 2361 184 2368 '
267 2349 476 2440 probaverit
498 2343 590 2417 hanc
615 2346 830 2418 varietatem.
881 2344 988 2435 Quod
1010 2345 1137 2414 misisti
1160 2356 1261 2414 nata-
1309 2347 1509 2435 permittere
1533 2347 1723 2433 iudicium,
1755 2363 1876 2420 utrum
1900 2363 2040 2442 putares
2057 2347 2218 2416 libellum
2239 2368 2299 2415 es-

273 2451 344 2519 lem
357 2446 551 2540 Principis,
575 2442 688 2515 habeo
705 2445 770 2516 tibi
786 2445 974 2516 maximam
989 2447 1149 2536 gratiam.
1189 2442 1258 2514 Sed
1311 2439 1507 2516 hibendum
1524 2472 1609 2522 esse.
1656 2447 1762 2520 Nunc
1777 2463 1964 2545 postquam
1979 2448 2150 2518 beneficio
2170 2460 2232 2517 tuo
2252 2449 2298 2517 ad

273 2552 376 2620 valde
398 2550 551 2640 optarim
569 2547 678 2616 fuisse
699 2547 911 2618 matutinam
931 2548 1100 2637 genesim.
1155 2543 1261 2615 Nunc
1310 2547 1507 2640 principem
1530 2550 1703 2642 pervenit,
1741 2565 1823 2643 peto
1851 2552 1914 2621 abs
1937 2565 1996 2636 te,
2025 2564 2065 2621 ut
2088 2543 2297 2619 inchoatum

273 2677 353 2724 cum
369 2652 509 2720 videam
527 2649 762 2739 vespertinam
774 2670 863 2734 esse,
886 2651 1017 2739 magni,
1041 2644 1131 2716 milri
1148 2648 1262 2730 crede,
1310 2644 1561 2732 beneficium'†
1570 2646 1713 2744 mihi''‘)
1727 2644 1897 2745 perficias,
1912 2675 1951 2720 ac
1964 2649 2118 2743 principi
2131 2648 2308 2744 illustris·

273 2776 403 2844 agones
417 2747 591 2820 huicviro
608 2751 825 2840 impendent.
876 2749 948 2821 Sed
963 2748 1261 2821 mittomtibino-
1310 2750 1400 2818 simo
1418 2751 1506 2819 meis
1522 2750 1639 2821 verbis
1653 2766 1854 2822 reverenter
1868 2774 1949 2845 agas
1964 2754 2111 2842 gratias,
2131 2750 2306 2844 primum,-

274 2869 386 2925 strum
410 2852 595 2923 iudicium.
653 2848 833 2920 Pastorem
844 2843 882 2945 ⁴)
912 2853 979 2923 tibi
1004 2850 1157 2923 remitto.
1217 2845 1261 2917 lu
1311 2853 1408 2942 quod
1425 2875 1542 2922 meum
1564 2852 1720 2923 officium
1743 2877 1825 2923 nou<
1845 2855 1890 2926 sit
1910 2868 2135 2946 aspernatus,
2167 2851 2307 2921 deinde-

275 2969 349 3027 toto
370 2968 519 3024 nou-est
540 2975 688 3043 corpore
708 2951 807 3020 mica-
821 2952 914 3026 salis.
962 2949 1100 3023 Addidi
1114 2962 1150 3021 et
1162 2973 1261 3019 reco-
1311 2951 1417 3020 etiam
1436 2977 1501 3044 pro
1523 2953 1739 3044 amplissimo
1761 2977 1908 3026 munere
1930 2951 2021 3024 mibi
2044 2955 2168 3038 misso,
2202 2953 2300 3047 quod

273 3056 409 3148 gnitarn
422 3051 673 3148 germanicam
691 3047 931 3147 Apologt'csm.
973 3050 1075 3124 Duos
1090 3052 1186 3121 locos
1204 3050 1261 3120 in-
1311 3052 1455 3144 quidcm
1471 3073 1534 3144 ego
1547 3054 1596 3124 ita
1611 3055 1746 3147 accipio
1759 3073 1927 3149 tanquam
1942 3056 2132 3148 singularis
2146 3076 2227 3144 erga
2241 3070 2305 3121 me·
2348 3068 2352 3077 '

274 3172 390 3246 tegros
402 3156 550 3240 retexui,
575 3157 621 3224 de
634 3166 773 3245 peccato
787 3153 936 3244 originis
949 3149 1013 3226 καὶ
1026 3148 1108 3249 περὶ
1121 3147 1259 3225 ‹laxato-
1310 3153 1578 3225 benevolentiae
1599 3156 1710 3246 ipsius
1731 3157 1986 3231 testimonium.
2046 3155 2190 3229 Utinam
2214 3177 2303 3223 vero.

274 3253 407 3351 σύνης,
440 3281 530 3351 quos
549 3277 635 3344 rogo
655 3269 698 3326 ut
718 3254 903 3347 inspicias,
933 3279 1034 3347 spero
1057 3253 1262 3347 profuturos
1312 3268 1346 3324 et
1368 3254 1538 3346 scriptum
1562 3257 1678 3348 ipsum
1702 3259 1960 3350 sapientissimo
1981 3257 2135 3350 principi
2154 3257 2299 3349 placeat,

274 3359 499 3431 conscientiis
511 3357 594 3450 piis.
643 3355 823 3427 Illustravi
837 3357 935 3425 enim
950 3369 991 3427 ut
1005 3350 1097 3425 mihi
1116 3353 1261 3448 quidem
1311 3369 1374 3427 aut
1389 3372 1481 3428 certe
1496 3358 1660 3428 voluntas
1681 3383 1769 3432 mea.
1820 3384 1903 3430 nam
1923 3382 1978 3430 res
2002 3360 2097 3452 ipsae
2116 3380 2193 3429 non
2215 3366 2300 3428 suut

274 3463 399 3532 videor
411 3459 613 3552 planissime
629 3453 678 3531 τὰ
693 3452 776 3552 περὶ
792 3449 1048 3551 δικαιοσύνης,
1078 3469 1183 3550 teque
1202 3479 1263 3526 ro-
1312 3458 1509 3549 perpolitae
1535 3473 1570 3530 et
1598 3483 1663 3551 pro
1693 3460 1864 3550 dignitate
1894 3462 1978 3533 satis
1999 3474 2172 3536 ornatae.»
2219 3453 2304 3529 Etsi·

274 3586 336 3654 go,
356 3575 398 3634 ut
412 3561 584 3632 iudicium
600 3555 692 3629 mihi
705 3571 807 3630 tuum
823 3560 1030 3651 perscribas.
1071 3555 1170 3627 Bene
1183 3557 1262 3628 vale
1300 3554 1381 3629 =h0c
1395 3582 1497 3650 spero
1512 3584 1569 3629 me
1585 3556 1895 3658 eonsemtumm‘)
1909 3586 2001 3647 esse,
2029 3575 2070 3632 ut
2089 3584 2233 3632 causam
2254 3560 2299 3631 ad

274 3689 315 3736 ac
328 3664 477 3739 feliciter
492 3687 573 3733 cum
588 3663 736 3751 coniuge
750 3676 786 3737 et
802 3660 890 3743 fitia,
937 3658 1047 3733 Auno
1064 3659 1175 3734 1683.
1311 3662 1477 3754 pietatem
1491 3663 1642 3732 maxime
1659 3661 1928 3758 neeessariam&
1942 3665 2070 3734 melius
2084 3660 2301 3734 intellecturi

1017 3753 1212 3840 Φίλιππος.
1311 3762 1385 3833 siut
1402 3762 1560 3835 lectores.
1620 3760 1698 3833 Hoc
1721 3763 1817 3833 enim
1839 3768 1995 3857 profecto
2019 3765 2090 3855 egi,
2122 3777 2163 3834 ut
2185 3763 2300 3832 ambi-

1312 3877 1432 3952 gentes
1447 3887 1485 3931 ac
1501 3862 1701 3933 dubitantes
1718 3864 1855 3934 animos
1873 3888 2054 3951 sanarem,
2083 3889 2158 3934 non
2181 3877 2220 3934 ut
2243 3864 2302 3931 ac-

276 3996 279 4000 ·
737 4021 739 4029 .
1313 3964 1499 4031 renderem
1515 3987 1554 4031 ac
1572 3964 1682 4052 magis
1697 3962 1955 4036 inflammarem
1972 3966 2178 4047 discordias.
2228 3962 2301 4033 ve·-

275 4077 473 4154 N0,1090,
751 4116 753 4121 .
1116 4083 1150 4148 5.
1170 4077 1236 4143 lm,
1313 4077 1370 4132 tus
1391 4056 1476 4131 haec
1498 4062 1661 4133 ecclesiae
1681 4067 1898 4137 consuetudo
1924 4080 1994 4161 est,
2023 4067 2198 4139 subiicere
2213 4065 2301 4134 seri-

282 4175 454 4222 m
738 4182 742 4189 '
792 4245 799 4260 .
1085 4167 1258 4203 Μ
1314 4177 1374 4256 pta
1400 4162 1532 4233 iudicio
1555 4163 1811 4258 episcoporum.
1869 4165 1998 4260 -Neque
2024 4192 2088 4259 ego
2111 4167 2301 4261 quicquam

616 4243 924 4328 Herdlelmersso
1315 4263 1410 4334 edidi
1430 4288 1609 4359 unquam,
1642 4267 1778 4361 dequo
1806 4292 1881 4339 nou
1904 4271 2079 4340 voluerim
2100 4268 2301 4362 permittere

345 4427 383 4482 g,
396 4424 493 4480 Manui
507 4422 645 4544 tarragp
658 4422 709 4476 182
721 4439 790 4546 ,5ῗὶ
800 4420 864 4476 0011.
884 4418 1045 4545 apographis
1063 4418 1092 4474 ὴ
1104 4417 1167 4474 eod.
1180 4417 1265 4475 Gau.
1314 4364 1488 4438 iudicium
1504 4367 1616 4437 doctis
1634 4392 1674 4438 ac
1692 4369 1809 4442 bonis.
1859 4366 2003 4442 Nullius
2022 4395 2106 4442 vero
2128 4370 2301 4441 iudicium

379 4489 551 4563 domnia,
572 4508 606 4545 co
649 4491 745 4547 err
805 4509 832 4562 p.
845 4489 924 4559 791..
940 4507 976 4547 co
997 4489 1092 4560 Adpo
1104 4507 1149 4563 ep.
1164 4489 1223 4545 tta.
1239 4500 1266 4544 et
1314 4466 1589 4550 mallmsublre,
1621 4470 1999 4571 quamiuiprltttlpls,
2028 4474 2127 4547 culus
2144 4473 2303 4564 pruden-

380 4569 442 4622 eoa.
458 4559 552 4617 mean.
567 4559 649 4633 Μ’·
1315 4569 1363 4638 tia
1393 4569 1431 4637 io
1462 4570 1563 4658 omni
1584 4593 1709 4661 genere
1729 4586 1910 4665 perspecta
1931 4588 1982 4645 est
2002 4575 2187 4653 universae
2209 4570 2303 4643 Ger·

372 4672 388 4696 ⁸
1260 4714 1268 4731 .
1315 4670 1465 4744 maniae.
1517 4668 1587 4742 Sed
1608 4673 1700 4743 tristi
1721 4674 1874 4767 quodam
1890 4700 1930 4746 ac
1945 4699 2046 4749 saevo
2055 4666 2086 4767 ⁰)
2104 4688 2303 4777 temporum

276 4684 322 4793 ‘V
320 4723 376 4792 iro
410 4718 546 4818 optimo
572 4741 618 4788 ex
644 4714 801 4815 equestri
824 4711 970 4795 ordine,
1007 4711 1062 4787 D.
1087 4710 1117 4784 I
1122 4740 1266 4785 orrum

280 4818 496 4894 Iordane
522 4813 898 4897 Hertslter'mero,
926 4816 964 4884 in
981 4814 1266 4914 urtluprincipt's

429 4917 657 5016 Mogontini
672 4914 818 5021 degenti
820 4954 844 5009 3,
857 4924 1116 5014 perhorreseo,

1315 4771 1387 4841 suto
1403 4771 1548 4858 accidit,
1578 4785 1619 4844 ut
1642 4773 1783 4845 criticos
1802 4769 1994 4847 habeamus
2010 4770 2090 4846 'no'n
2113 4777 2207 4871 ipsos
2227 4775 2303 4868 epi-²

1315 4895 1457 4965 scopos,
1483 4874 1542 4942 sed
1559 4874 1647 4944 alios
1662 4877 1834 4968 quosdam
1850 4901 1890 4946 ex
1905 4872 2050 4972 vulgo⁹)
2069 4872 2230 4949 homines
2245 4878 2303 4949 in-

1316 4974 1455 5059 doctos,
1486 4974 1631 5061 stultos,
1665 4977 1841 5064 crudeles,
1883 4979 1946 5072 qui
1969 4980 2156 5070 religiones
2181 5002 2303 5073 omues

278 5040 321 5132 s·
345 5057 393 5130 D·
439 5054 522 5157 N⁰J¹
546 5054 736 5138 exl⁸¹l¹¹²0r
758 5077 883 5144 Pafum
906 5053 1028 5151 videri
1042 5067 1181 5143 braium
1205 5065 1266 5170 ³13²
1316 5076 1470 5145 suaviter
1494 5075 1663 5162 irrident,
1700 5102 1849 5174 eamque
1876 5081 1936 5152 ob.
1950 5105 2093 5159 causam
2114 5105 2240 5170 magna
2268 5080 2303 5146 vi

277 5183 489 5243 memorem,
515 5149 613 5252 qui¹)
629 5179 706 5224 sero
723 5154 851 5242 gratias
866 5148 995 5249 agit²),
1024 5179 1104 5224 corn
1127 5154 1164 5223 in
1187 5178 1267 5221 aur·
1318 5216 1534 5237 „-

269 5254 345 5333 mis
360 5273 528 5353 perpetua
542 5258 718 5355 gratitudo
734 5279 806 5325 esse
821 5256 947 5337 debeat
956 5252 1003 5352 ³);
1030 5255 1167 5355 tametsi
1185 5280 1265 5324 mox
1349 5293 1379 5351 4,
1400 5289 1515 5342 ,gadum
1528 5288 1591 5344 ead.
1606 5286 1648 5342 Μ,
1662 5296 1689 5340 ,2
1701 5287 1765 5344 eod.
1777 5288 1851 5361 [ψ.

276 5399 510 5418 -----··
575 5364 581 5381 ’
615 5358 634 5429 ¹„
850 5426 871 5447 1,
961 5366 964 5375 ’
1030 5360 1035 5373 “
1351 5376 1378 5441 5)
1399 5373 1513 5426 Addunt
1526 5371 1609 5426 codd.
1625 5391 1721 5425 omnes
1734 5377 1809 5428 entirr'.

312 5465 338 5529 *)
359 5459 487 5531 iutelligit
500 5462 615 5531 librum,
633 5448 747 5514 lorta'rse
760 5456 898 5513 Pastorem
913 5454 1037 5511 llermae.
1349 5457 1378 5523 6)
1397 5466 1588 5535 copseeutum,
1606 5453 1765 5518 cod.fGotb.
1780 5468 1810 5510 et
1821 5457 1886 5513 eod.
1898 5460 1939 5516 tt.

312 5552 340 5614 t)
359 5545 433 5613 «guod
447 5543 509 5600 cod.
525 5545 595 5614 lips.
1015 5586 1018 5593 ,
1120 5548 1139 5621 '-
1279 5556 1285 5575 ⁴
1336 5539 1378 5619 Ι7)
1396 5531 1499 5594 corsos
1515 5566 1551 5582 -
1567 5529 1820 5597 neelamites.
1833 5543 1865 5600 tt.

311 5631 340 5699 2)
357 5646 443 5696 agam
457 5626 518 5681 cod.
532 5627 563 5680 i..
1349 5623 1380 5691 8)
1396 5616 1484 5678 Meni.
1498 5624 1577 5677 trr‘str'
1588 5630 1889 5693 ermensendam.-
2003 5636 2006 5649 ¹

313 5715 341 5785 8)
359 5712 476 5768 ambae
493 5712 555 5767 cod.
570 5709 601 5766 l..
1349 5708 1379 5776 9)
1396 5726 1434 5762 rx
1447 5710 1530 5775 vulgo
1545 5727 1602 5762 uon
1615 5708 1742 5779 leguntur
1756 5707 1786 5762 in
1802 5710 1866 5766 cod.
1880 5709 1912 5766 l..
