5434 6717
331 634 407 706 ora
652 604 655 615 '
892 623 1339 706 amsroaanuu
1398 623 1809 726 atavussss
2301 616 2390 693 sn

247 871 251 888 ,
332 818 391 877 tor
406 799 512 877 Rom.
533 797 714 868 Pontificis
735 801 916 890 exposuit,
950 815 1063 873 totum
1088 803 1143 872 ius
1163 803 1325 871 indicen-
1379 823 1447 893 que
1470 802 1515 869 de
1537 820 1640 869 causa
1660 796 1767 890 paulo
1790 790 1871 890 post
1893 794 1973 866 cum
1994 792 2174 867 Illustriss.
2190 791 2391 884 Principi-¹

333 908 399 977 dae
422 917 458 972 et
480 897 663 970 habendae
683 902 812 993 synodi
833 904 876 970 ad
895 901 1001 976 Rom.
1016 902 1223 973 Pontificem
1245 924 1327 994 pec-
1378 903 1463 986 hus,
1496 898 1659 970 Electore
1682 899 1763 973 sax.
1789 912 1825 969 et
1846 898 2070 987 landgravio
2095 896 2224 986 partim
2252 914 2388 964 coram

212 1027 217 1035 ·
334 1007 465 1085 tinere,
491 1001 693 1070 existimant
710 999 1109 1094 lllustriss.¹Principes,
1135 1022 1251 1097 neque
1271 1028 1327 1073 se-
1380 1002 1508 1094 partim
1534 1024 1614 1081 cum
1640 1002 1798 1090 ipsorum
1820 998 2031 1071 consiliariis
2053 996 2282 1066 familiariter
2304 1016 2388 1064 sera

335 1104 539 1175 renissimos
559 1125 656 1190 reges
676 1125 904 1174 concessuros
926 1127 999 1175 esse
1021 1100 1187 1176 Romano
1202 1105 1328 1175 Ponti·
1378 1125 1502 1172 mones
1534 1102 1744 1186 contulerit,
1784 1103 1964 1170 duxerunt
1993 1097 2169 1189 principes
2203 1092 2276 1166 hoc
2309 1094 2386 1189 ipsi

334 1207 412 1288 tici,
434 1217 496 1284 ut,
521 1226 596 1271 nou
612 1204 872 1275 communicato
887 1230 967 1276 curn
984 1207 1070 1298 ipsis
1085 1207 1245 1291 consilio,
1270 1206 1328 1275 in·
1380 1204 1668 1294 significandum,
1693 1203 1789 1295 quod
1807 1204 1851 1271 de
1873 1198 1917 1269 iis
1936 1200 2058 1284 rebus,
2091 1221 2181 1291 quae
2207 1199 2249 1266 in
2271 1197 2386 1267 fami-
2411 1262 2415 1267 ,

335 1308 430 1375 dicat
446 1305 623 1396 synodum
640 1317 702 1373 aut
717 1299 845 1376 habeat
858 1307 1003 1397 proprio
1025 1309 1192 1392 arbitrio,
1227 1330 1329 1399 prae-
1382 1306 1461 1374 liari
1485 1304 1664 1396 colloquio
1686 1304 1886 1395 propositae
1908 1313 2012 1385 sunt,
2049 1300 2160 1370 vetuit
2183 1300 2271 1369 suos
2291 1322 2391 1371 eon·.

270 1448 272 1453 ,
336 1407 458 1479 sertim
476 1404 515 1472 in
529 1399 596 1473 hac
609 1405 692 1473 fidei
706 1426 828 1489 causa,
859 1408 898 1475 in
914 1433 983 1502 qua
998 1410 1150 1478 maxime
1164 1411 1209 1478 ad
1225 1409 1329 1481 Sere-
1380 1405 1532 1476 siliarios
1546 1406 1591 1474 ad
1607 1404 1740 1493 legatos
1753 1404 1793 1472 in
1807 1403 2041 1472 diversorium
2055 1402 2213 1485 mittere,
2246 1400 2313 1495 qui
2336 1402 2385 1471 da

337 1511 422 1581 uiss.
443 1503 558 1593 Reges
579 1506 751 1595 pertinet,
784 1521 825 1577 ut
845 1522 969 1579 curent
993 1510 1078 1599 ipsi,
1107 1525 1149 1581 ut
1171 1511 1328 1599 legitima
1381 1506 1454 1576 illis
1469 1507 1575 1575 etiam
1590 1505 1741 1595 negotiis
1755 1528 1864 1596 porro
1879 1526 1959 1573 cum
1973 1502 2064 1593 ipsis·
2075 1502 2287 1574 deliberent.

257 1635 261 1647 ¹
337 1612 398 1678 liat
412 1604 576 1694 cognitio.
617 1603 666 1676 Et
679 1608 905 1698 profuturum
922 1611 1143 1681 arbitrantur
1157 1610 1330 1701 reipubli-
1375 1638 1378 1650 ·
1482 1606 1665 1677 Postremo
1688 1619 1814 1697 petunt
1836 1629 1876 1675 ac
1895 1624 2117 1694 summopere
2137 1604 2298 1693 flagitant
2325 1600 2382 1671 11-

339 1734 399 1781 cae
420 1705 601 1777 illustriss.
620 1706 821 1800 Principes,
855 1712 885 1778 si
905 1710 1074 1786 Sereniss.
1097 1709 1249 1803 Angliae
1268 1734 1330 1781 rex
1381 1708 1531 1780 lustriss.
1552 1706 1736 1798 Principes
1763 1719 1798 1776 et
1820 1707 1883 1776 alii
1906 1719 2016 1775 status
2038 1702 2289 1787 confoederati,
2330 1714 2377 1772 ut

285 1896 288 1904 Ι
338 1835 378 1879 ea
394 1812 438 1878 de
455 1821 642 1878 receteros
658 1832 756 1898 reges
772 1806 958 1883 admoneat
972 1807 1021 1904 ').
1172 1852 1174 1859 ·
1382 1805 1450 1879 hoc
1471 1830 1679 1901 responsum
1700 1830 1802 1877 suram
1823 1806 1955 1896 Regiae
1976 1804 2151 1895 Dignitati
2172 1828 2240 1901 qna
2260 1803 2378 1896 possit

439 1906 488 1979 Et
509 1912 605 2002 quod
623 1908 805 2001 Principes
827 1925 932 2005 atque
957 1908 1067 1983 status
1090 1912 1330 1983 confoederati
1381 1911 1458 2001 lieri
1478 1909 1762 1979 commodissima
1782 1909 1841 1977 via
1864 1932 1904 1977 ac
1926 1906 2064 1977 ratione
2089 1907 2247 1976 referant
2270 1919 2379 1998 atque

338 2038 380 2082 ex
395 2008 654 2083 orationeRev.
667 2012 773 2100 legati
786 2013 1045 2100 intellexerunt,
1066 2026 1108 2082 eo
1123 2038 1195 2082 esse
1210 2014 1329 2083 animo
1383 2023 1577 2102 exponant,
1618 2034 1658 2079 oc
1678 2008 1847 2082 Sereniss.
1871 2009 1982 2098 regis,
2015 2008 2173 2097 cognati,
2204 2007 2315 2076 amici
2339 2028 2381 2075 ac

230 2168 236 2186 ,
342 2127 376 2182 et
399 2112 581 2181 voluntate
604 2110 681 2185 Ser.
704 2135 820 2201 regem
843 2111 1011 2204 Angliae,
1050 2117 1147 2208 quod
1166 2116 1205 2184 in
1227 2136 1329 2184 causa
1382 2113 1520 2181 domini
1536 2112 1592 2181 sui
1608 2110 1820 2191 observandi
1841 2134 1882 2179 ac
1901 2109 2183 2193 elementissimi,
2218 2110 2382 2178 benevos

338 2211 520 2302 religionis
538 2225 573 2281 et
588 2213 770 2282 doctrinae
794 2217 1013 2305 evangelicae
1036 2241 1115 2286 cum
1136 2217 1222 2309 ipsis
1244 2240 1330 2284 eon·
1382 2214 1546 2297 lentiam,
1571 2211 1763 2281 amicitiam
1778 2225 1813 2281 et
1828 2210 1985 2279 favorem
2004 2232 2085 2298 erga
2107 2210 2205 2300 ipsos
2232 2209 2382 2278 confoe·

342 2314 472 2383 sentire
487 2311 593 2396 velit,
618 2336 787 2407 suamque
802 2316 1086 2387 benevolentiam
1104 2342 1144 2389 ac
1158 2317 1331 2399 studium,
1382 2318 1522 2384 deratos
1550 2314 1760 2383 confirment
1787 2325 1893 2404 atque
1922 2324 2088 2400 augeant,
2124 2324 2234 2404 atque
2265 2323 2382 2380 totam

341 2424 550 2507 quacunque
571 2414 753 2484 occasione
777 2418 906 2506 possit,
946 2420 985 2486 in
1017 2413 1085 2488 hoc
1108 2412 1330 2488 sanctissimo
1383 2411 1474 2484 hanc
1504 2437 1643 2483 causam
1665 2413 1827 2505 ipsosque
1851 2414 2115 2481 confoederatos
2135 2411 2327 2503 principes
2348 2424 2382 2483 et

342 2515 502 2605 negotio,
540 2528 580 2585 ut
601 2538 718 2604 regem
741 2512 952 2588 christianae
976 2534 1090 2612 atque,
1111 2520 1331 2607 evangelicae
1383 2514 1593 2606 amplissimi
1609 2512 1755 2605 Imperii
1773 2513 1918 2582 ordines
1934 2512 2049 2600 regiae
2064 2510 2237 2601 dignitati
2255 2535 2383 2580 aman·

341 2615 531 2688 doetrinae¹
562 2617 717 2700 deceret,
760 2619 1020 2705 declaraturus,
1059 2621 1250 2713 omniaque
1290 2616 1331 2687 c'a
1382 2630 1436 2686 ter
1456 2640 1497 2685 ac
1518 2616 1669 2686 fideliter
1692 2616 1958 2699 commendent3
1998 2609 2067 2683 hoc
2096 2614 2244 2698 addito,
2283 2614 2383 2706 quod

341 2741 478 2788 summa
499 2715 700 2806 diligentia,
745 2742 829 2789 cura
852 2744 892 2789 ac
916 2722 1050 2806 studio,
1091 2722 1332 2791 communica·
1383 2717 1551 2788 sereniss.
1569 2715 1661 2805 Regi
1685 2739 1766 2786 cum
1790 2716 1974 2798 omnibus,
2010 2736 2100 2806 quos
2128 2736 2232 2783 caros
2260 2708 2382 2795 habet,

341 2822 387 2890 tis
417 2816 575 2887 consiliis
606 2832 640 2888 et
670 2819 778 2889 totius
808 2822 909 2908 regni
945 2824 1001 2892 sui
1029 2822 1257 2892 facultatibus
1298 2830 1332 2890 et
1382 2832 1587 2910 perpetuam
1603 2817 1806 2887 felicitatem
1822 2828 1988 2907 exoptent
2003 2838 2042 2884 ac
2057 2827 2272 2906 precentur,
2301 2838 2382 2885 sua·

343 2918 489 3012 opibus,
535 2932 792 3010 praestaturus,
834 2916 924 3015 quae
965 2925 1011 2992 ad
1044 2944 1184 2994 causam
1224 2942 1331 2992 evan-
1383 2944 1450 3012 que
1467 2920 1598 3003 officia,
1623 2919 1797 3002 studium,
1824 2916 2083 2989 observantiam
2104 2928 2139 2984 et
2162 2916 2382 3009 obsequium

342 3021 425 3111 gelii
462 3023 741 3110 promovendam
780 3025 1024 3113 pertinebunt:
1077 3021 1164 3095 haec
1210 3020 1330 3094 otonis
1382 3022 1519 3112 prolixe
1545 3019 1655 3112 ipsius
1681 3020 1797 3109 regiae
1817 3020 1915 3109 dign.
1936 3018 2173 3110 polliceantur
2194 3032 2310 3111 atque
2329 3017 2383 3087 of·

341 3121 564 3227 principibus
617 3135 664 3191 et,
700 3119 967 3196 Confoederatis
1002 3118 1138 3197 ¹auditu
1186 3128 1332 3195 fuerunt
1381 3125 1507 3195 ferant.
1594 3146 1598 3153 ·

341 3223 594 3295 iucundissima
635 3237 671 3292 et
710 3226 928 3312 gratissima,
981 3228 1166 3323 regiaeque
1212 3224 1332 3316 digni·

341 3325 407 3397 tati
420 3348 486 3414 pro
504 3324 787 3415 tamhenevola2
814 3329 926 3397 amica
941 3350 981 3397 ac
1001 3350 1176 3419 propensa
1200 3328 1332 3396 volun-
1383 3320 1558 3394 ·'·.·'··'···“

342 3438 412 3496 tate
428 3424 598 3492 maximas
611 3418 744 3493 habent
759 3438 793 3495 et
808 3440 917 3515 agunt
937 3429 1084 3516 gratias,
1114 3453 1154 3496 ac
1176 3428 1331 3496 vicissim

312 3560 315 3565 ·
338 3523 575 3612 ,Serenissimo
590 3524 663 3611 regi
682 3548 823 3594 omnem
838 3550 992 3618 operam,
1018 3529 1175 3597 studium
1190 3550 1231 3597 ac
1247 3528 1331 3595 dili·
1382 3492 1576 3621 Q·

343 3626 497 3715 gentiam
512 3637 546 3693 et
560 3625 771 3718 obsequium
785 3629 968 3712 deferunt,
992 3646 1098 3723 seque
1111 3630 1150 3699 in
1165 3624 1233 3698 hoc
1249 3652 1331 3697 san-

342 3727 497 3799 ctissimo
516 3726 657 3815 negotio
679 3728 780 3796 nullo
801 3730 909 3798 oflicii
928 3752 1055 3820 genere
1068 3729 1237 3802 Sereniss.
1255 3730 1331 3818 regi
1629 3674 1748 3759 Hier·
1771 3669 2134 3795 Baumgarmem·

342 3830 533 3901 defuturos.
547 3850 619 3897 esse
640 3828 871 3918 pollicentur,
900 3846 934 3901 et
956 3852 1160 3922 persuasum
1182 3824 1331 3921 eupiunt
1450 3856 1535 3928 epta.
1552 3854 1598 3908 tib.
1612 3852 1659 3908 vt.
1676 3870 1704 3922 p.
1716 3852 1751 3904 90
1764 3870 1806 3922 sq.
1824 3878 1859 3893 -
1893 3851 1944 3905 tlte
1958 3870 1987 3904 ex
2000 3858 2113 3919 arroges
2133 3848 2170 3903 ho
2185 3850 2376 3912 Metiscus

342 3929 419 4001 Ser.
440 3929 534 4016 regi,
565 3931 679 4020 quod,
713 3929 802 4000 sicut
823 3925 991 4001 hactenus
1015 3933 1124 4001 nullis
1149 3933 1331 4001 laboribus
1485 3921 1728 4042 M⁰⁰²3·¹·.g·¹⁶⁴·
1755 3921 1932 4001 adnnptum
1946 3929 2002 3973 ‘⁸⁸²
2020 3868 2200 3989 ‚werham
2213 3923 2245 3976 ‘¹-
2260 3923 2377 3979 mm·

342 4055 383 4099 ac
408 4029 609 4118 sumptibus
632 4046 880 4119 pepercerunt,
919 4035 1018 4102 nialla
1044 4035 1149 4103 etiam
1174 4034 1330 4124 pericula
1485 3994 1562 4048 1535.
1607 3993 1642 4058 (Ἰ
1664 3992 1827 4059 eaccepn.

342 4133 388 4200 ad
410 4130 652 4221 sustinendam
677 4127 766 4199 hanc
788 4133 884 4222 piam
908 4147 942 4202 et
972 4136 1161 4203 salutarem
1191 4157 1330 4203 causam

288 4310 295 4327 Ι
342 4233 564 4321 refugerunt,
597 4232 645 4300 ita
662 4232 698 4298 in
716 4246 895 4321 posterum
912 4236 1016 4304 etiam
1039 4259 1074 4304 se
1098 4236 1192 4304 idem
1216 4236 1331 4304 factu-

342 4357 417 4417 ros,
442 4334 634 4423 omnesque
651 4332 813 4402 fortunae
830 4336 1000 4425 procellas
1017 4338 1192 4406 constanti
1210 4336 1330 4403 animo
1635 4406 1642 4418 s

341 4435 533 4516 auxiliante
553 4437 619 4502 ‹leo
650 4434 829 4503 subituros
856 4458 922 4527 pro
949 4439 1154 4507 defensione
1173 4437 1331 4505 veritatis
1380 4400 1494 4493 S·1)·
1544 4414 1621 4506 E8⁰
1644 4440 1745 4499 vem·
1776 4414 1844 4484 Vll
1867 4417 2018 4507 ⁰PP¹¹¹⁰⁵
2055 4440 2135 4485 ⁰⁰¹⁰
2156 4418 2283 4488 ⁰ffi⁰l⁰
2307 4434 2377 4503 Μ’

341 4561 381 4605 ac
414 4535 515 4603 verbi
549 4535 664 4602 divini
697 4538 948 4619 decreverunt,
990 4533 1082 4606 nihil
1116 4530 1330 4622 dubitantes,
1381 4536 1456 4592 lum
1481 4523 1556 4610 il1⁵⁰
1582 4541 1709 4608 genem
1734 4518 1938 4599 lllefflfflma
1977 4540 2126 4611 quarum
2154 4526 2379 4591 Summfl'ffll

342 4640 447 4705 cleram
465 4631 547 4703 huic
564 4636 722 4723 negotio,
753 4651 793 4705 ut
812 4639 908 4730 quod
928 4639 973 4706 ad
994 4640 1143 4728 gloriam
1165 4653 1198 4708 et
1215 4635 1331 4707 hono·
1381 4622 1553 4710 elegantia
1584 4632 1617 4688 ‘l
1639 4633 1820 4701 venuste&
1858 4618 2005 4688 mirifice
2025 4619 2191 4690 delector·
2253 4621 2379 4710 Qum

343 4761 420 4805 rem
434 4736 589 4804 nominis
602 4736 712 4826 ipsius
725 4739 913 4828 praecipue
933 4742 1144 4830 pertineret,
1177 4764 1241 4830 pro
1268 4762 1330 4809 sua
1381 4726 1443 4794 illa
1458 4722 1680 4792 excusatione
1696 4721 1910 4795 assiduitatis
1926 4719 1992 4836 tibi
2007 4743 2080 4789 uon
2096 4732 2170 4788 erat
2183 4727 2378 4809 utendum,

343 4838 502 4907 bonitate
524 4849 565 4909 et,¹
581 4837 764 4906 rlcmeutia
790 4853 911 4908 contra
932 4842 1092 4910 omnium
1111 4841 1331 4910 adversario-
1381 4850 1461 4896 011¹ss
1494 4824 1619 4914 ingens
1650 4822 1861 4890 benefieium
1896 4815 2180 4911 ¹1¹¹Pin²¹l³⁸l²lri
2207 4821 2379 4897 iflffioem·

342 4963 421 5009 rum
437 4950 471 5005 et
487 4931 644 5005 hostium
657 4934 844 5028 Evangelii
864 4963 960 5033 spem
983 4957 1016 5013 et
1039 4943 1329 5013 existimationem
1374 4925 1476 5003 Illud
1491 4938 1608 4994 ²¹¹1le
1622 4946 1704 5008 oro,
1728 4936 1786 5006 ula
1809 4946 1889 4993 tum
1907 4934 1941 4992 θῑ
1957 4921 2209 5012 ⁰⁰⁰¹¹P²¹P⁰¹¹⁸⁸
2226 4940 2264 4996 el
2278 4926 2380 5017 i¹¹80·

247 5080 251 5089 .
341 5040 463 5111 sedulo
479 5038 696 5110 adfuturum,
1380 5029 1434 5098 nii
1448 5026 1671 5097 imbecillitas
1685 5038 1823 5108 vetent,
1848 5024 2038 5117 quominus
2059 5020 2163 5115 αὐτῷ
2176 5028 2238 5118 τῷ
2251 5025 2381 5124 μέτρῳ

441 5134 490 5210 Et
505 5139 588 5232 quia
604 5142 835 5216 reverendiss.
853 5144 986 5233 legatus
1004 5146 1042 5213 in
1059 5147 1128 5214 lin'e
1146 5168 1228 5214 suae
1249 5169 1330 5214 ora.
1379 5130 1629 5221 respondeam,
1659 5150 1734 5194 ¹¹0⁰
1750 5148 1936 5217 flspffllere
1953 5120 2181 5193 lamesthussc
2197 5128 2381 5211 animum»

342 5241 447 5311 tionis
476 5241 595 5330 petiit,
633 5254 674 5310 ut
705 5244 849 5313 daretur
874 5248 942 5315 sibi
972 5247 1120 5317 facultas
1146 5248 1331 5315 commoda
1380 5231 1535 5324 pt0sect0
1558 5228 1736 5319 praeclue
1757 5229 1800 5297 de
1821 5240 1882 5298 tuo
1906 5225 2049 5315 ingenio
2074 5249 2113 5293 ac
2135 5224 2278 5300 virtute
2301 5254 2382 5303 sen·

341 5365 466 5432 nempe
475 5335 534 5435 **)
556 5366 637 5412 cum
652 5343 865 5434 quibusdam
879 5348 985 5416 latius
1000 5348 1245 5440 colloquendi,
1271 5370 1331 5416 ea·
1380 5336 1535 5404 flentem·

1482 5430 1630 5502 Gaudeo
1662 5445 1699 5502 te
1721 5426 1851 5503 Vitam
1881 5428 2085 5519 complecti,
2125 5449 2236 5517 spero
2270 5436 2382 5519 enim,

1380 5561 1461 5605 eram
1489 5548 1524 5603 et
1552 5532 1635 5602 urbi
1664 5545 1799 5601 vestrae
1825 5545 1859 5599 et
1879 5527 2055 5599 Ecclesiae
2075 5522 2217 5600 Christi
2246 5559 2382 5629 magno

375 5610 529 5733 tqnpllqpba:
553 5611 902 5694 Quodenimorntoretc.
923 5618 1107 5675 Melanthouis
1127 5640 1210 5675 manu
1230 5616 1329 5691 scripu
1380 5648 1586 5707 ornamento
1604 5636 1763 5704 futurum
1779 5656 1862 5701 esse,
1912 5629 1967 5699 De
1987 5630 2129 5719 negotio
2149 5630 2233 5722 ipso
2253 5637 2306 5709 ita
2328 5642 2382 5712 iu·

377 5766 413 5807 ¹¹*
443 5766 558 5821 Deroc.
573 5766 1149 5845 nempeincertussumanmctelegen'na.
1254 5810 1256 5815 -
1380 5741 1479 5823 dico,
1510 5749 1603 5806 mele
1619 5760 1683 5806 V0⁸
1699 5734 1880 5805 musulete
1903 5732 2053 5824 patriae,
2082 5734 2181 5825 qu⁰d
2208 5760 2301 5811 eum
2328 5766 2382 5813 re·

1386 4169 1480 4244 Viro
1514 4130 1667 4264 optimo,
1709 4160 1764 4237 D.
1796 4159 2078 4256 Hieronymo
2117 4158 2376 4261 Bomgort-

1465 4292 1590 4349 nero,
1623 4262 1800 4336 senatori
1820 4260 2018 4358 Noriberg.
2041 4290 2108 4334 sato
2126 4275 2297 4363 patrono
