5434 6717
403 622 480 704 did
952 611 1413 710 ΙΕΝὸΤΟΙιΑΒΙΙΜ
1469 615 1576 689 ΗΒ.
1612 614 1680 691 l'l.
1729 613 1861 690 1551.
2359 610 2437 685 stu

405 815 526 880 miii,
551 811 591 868 111
604 796 788 867 Caeiiriiii
804 786 1011 860 debssrieitir
1024 785 1164 882 frites>
1185 811 1205 854 a
1229 782 1396 853 violeniii
1447 810 1501 856 res
1516 784 1688 857 Hercules
1705 785 1894 856 commenti
1908 798 2002 861 sunt.
2052 785 2176 880 Neque
2195 781 2281 855 haec
2304 788 2438 876 graeci!

367 945 370 951 ·
406 900 574 974 consiliis.
626 897 698 966 Nos
721 909 840 964 tamen
862 915 958 960 nunc
982 891 1086 959 etiam
1107 908 1290 977 speremus
1311 904 1395 952 saue
1447 901 1584 958 tautum
1602 888 1742 958 licentia
1760 911 1921 958 concessa
1935 902 2007 973 est,
2032 888 2170 977 lingunt
2189 887 2320 960 similia
2341 906 2440 959 nuno

406 1004 554 1084 melius,
578 1004 612 1067 el
627 997 817 1067 sentiamus
833 992 1063 1062 commodius.
1112 987 1221 1057 Mitto
1240 986 1306 1057 tibi
1322 982 1397 1053 iso-
1446 1014 1588 1083 quoque
1605 990 1716 1059 nostri
1734 985 1918 1061 homines,

405 1104 510 1176 cratis
525 1100 740 1181 orationem,
764 1120 868 1189 quam
887 1085 1106 1183 Georgius²)
1122 1088 1277 1157 exercitii
1294 1109 1396 1154 causa
1549 1089 1602 1159 De
1617 1090 1764 1161 Franci„
1788 1093 1857 1160 mi,
1876 1084 1972 1159 haud
1995 1090 2104 1160 dubie
2125 1089 2254 1159 falsum
2277 1102 2329 1159 „t
2342 1112 2403 1158 ω,
2415 1113 2439 1163 ,

406 1204 530 1286 vertit,
553 1212 717 1291 expectat
740 1221 815 1265 eam
837 1186 1091 1288 typographus,
1121 1213 1230 1281 quare
1251 1202 1285 1258 te
1300 1209 1398 1275 rogo,
1447 1190 1585 1262 Baltico
1601 1205 1738 1259 exortos
1751 1214 1843 1276 osse,
1867 1191 2013 1259 iueumt
2034 1192 2130 1260 enim
2146 1187 2441 1281 vicini-Alpibusa

407 1315 447 1377 ut
469 1304 632 1394 e’i'quar‘n
656 1299 811 1391 primurn
835 1296 963 1365 mittas.
1015 1289 1202 1363 Eiusmodi
1223 1310 1313 1381 opus
1332 1302 1398 1369 est,
1448 1293 1539 1362 sicut
1552 1289 1633 1361 Boii
1650 1291 1835 1360 Strabonis
1856 1307 2025 1380 tempore.
2076 1288 2123 1360 Et
2137 1291 2264 1362 Livius
2279 1292 2318 1360 iu
2334 1289 2439 1360 Han-a

407 1409 502 1501 quod
526 1405 750 1489 siuemagno
772 1396 929 1488 periculo
953 1418 1016 1462 suo
1039 1393 1100 1460 ille
1124 1415 1221 1462 more
1235 1412 1398 1464 corrum—
1449 1393 1580 1462 nibalis
1595 1393 1747 1463 transitu
1761 1393 1984 1460 mentionem
1999 1389 2132 1461 Branci
2150 1392 2250 1477 iacit,
2276 1393 2339 1485 qui
2360 1393 2442 1463 bel-r

408 1517 491 1601 pere
506 1502 644 1597 poterit.
694 1498 737 1569 lu
754 1495 1064 1588 supputationibus
1085 1493 1155 1561 illis
1176 1516 1250 1590 nou
1272 1487 1397 1587 asperi-
1449 1495 1522 1564 lum
1540 1493 1737 1582 gessitcum
1753 1488 2020 1581 Allobrogibus.
2067 1491 2193 1564 Habeo
2207 1494 2320 1564 multa
2333 1517 2442 1584 argu-s

382 1622 527 1700 'pseras
549 1626 685 1696 annos,
741 1597 860 1691 ltaque
893 1597 1052 1666 diversos
1084 1616 1197 1665 minos
1230 1613 1399 1684 quaerere
1449 1609 1585 1672 menta,
1611 1617 1700 1685 quae
1722 1594 1827 1662 fidem
1850 1593 1998 1662 minime
2019 1592 2167 1664 dubiam
2181 1596 2335 1680 faciunt,
2362 1595 2441 1687 pri-i

409 1700 615 1777 Milicdius
631 1702 830 1792 cogebatur·
1450 1719 1524 1764 mas
1549 1697 1647 1763 sedes
1660 1691 1878 1763 Francorum
1902 1693 1941 1763 in
1963 1689 2030 1764 hac
2043 1695 2225 1786 superiore
2243 1693 2441 1766 Germania

511 1805 683 1876 Griilulor
714 1801 781 1871 tibi
807 1797 921 1866 silium
941 1817 1015 1865 0³⁸0
1036 1808 1177 1875 nilum,
1212 1816 1251 1861 iit
1274 1814 1401 1883 precor
1449 1797 1573 1879 luisse,
1596 1796 1671 1863 lere
1690 1794 1814 1862 iisdem
1830 1796 1936 1880 locis,
1961 1819 2051 1888 quae
2069 1819 2165 1866 nunc
2183 1787 2265 1867 sunt
2280 1795 2439 1866 Franco*

354 1980 358 1985 ,
407 1909 542 1991 Deum,
566 1917 660 1976 utet
680 1914 768 1972 teet
788 1921 934 1968 uxorem
956 1910 1070 1978 tuam,
1100 1893 1322 1991 lectissimam
1346 1894 1400 1970 se-
1450 1921 1540 1967 rum.
1591 1893 1926 1993 Strabone‘ynovc
1950 1897 2095 1981 scribit,
2128 1894 2326 1968 Vindelicis
2343 1898 2433 1966 vici-
2496 1966 2504 1977 ,

409 2011 564 2090 minam,
590 2016 623 2074 et
647 2003 760 2072 lilium
783 2013 817 2068 et
838 1997 928 2067 filias
949 1994 1282 2065 'servetincolumes
1335 1989 1398 2060 Vi·
1451 2021 1533 2081 nos,
1559 2009 1594 2066 et
1618 1998 1735 2066 nescio
1757 1998 1888 2090 quibus
1911 1997 2009 2083 aliis,
2041 2021 2117 2068 nou
2139 1998 2235 2066 enim
2259 2014 2358 2070 vam
2379 2001 2438 2067 jn.-

409 2115 514 2182 detur
531 2101 702 2196 interhas
719 2099 1008 2182 constitutiones,
1033 2099 1139 2166 altera
1156 2120 1229 2165 esse
1254 2094 1400 2183 lilii'ge-
1450 2100 1583 2190 spicere
1604 2096 1748 2169 librum.
1807 2095 1929 2191 ltaque
1952 2112 1987 2170 te
2007 2121 2082 2168 non
2107 2099 2279 2169 insertum
2302 2100 2440 2169 alienae

408 2213 524 2294 netis,
549 2209 589 2276 in
604 2229 673 2299 qua
687 2202 787 2273 Mars
798 2216 850 2271 est
863 2203 900 2269 in
915 2198 1135 2289 Horoscopo,
1160 2220 1266 2290 quem
1281 2209 1400 2265 tamen
1450 2200 1565 2290 genti,
1588 2200 1648 2269 sed
1663 2222 1745 2268 vere
1761 2196 1938 2268 Francum
1953 2199 2025 2267 dici
2044 2213 2079 2268 et
2094 2194 2218 2268 haberi
2233 2203 2328 2273 volo.
2378 2200 2442 2269 Ida
2525 2192 2530 2197 ⁵

409 2313 625 2403 mbsequens
647 2304 823 2377 Saturnus
845 2303 963 2371 reddit
986 2299 1243 2382 coutatiorem,
1270 2298 1332 2366 sed
1355 2297 1400 2365 de
1451 2324 1520 2394 que
1537 2299 1725 2390 disputabo
1746 2300 1787 2368 in
1802 2301 1990 2391 χρονικοῖς
2013 2299 2050 2367 in
2073 2296 2220 2384 Carolo,
2251 2324 2357 2394 quem
2377 2325 2440 2370 or-

410 2411 467 2483 bis
496 2409 690 2502 aliquando
721 2424 850 2475 coram.
909 2400 964 2472 De
993 2399 1195 2469 valetudine
1229 2412 1288 2467 tua
1321 2419 1399 2466 sum
1450 2404 1544 2472 nabo
1559 2414 1732 2495 quantum
1747 2414 1881 2492 potero.

410 2534 495 2586 tane
508 2509 699 2591 sollicitus,
726 2519 761 2575 et
774 2503 880 2574 audio
904 2506 939 2572 te
961 2502 1157 2594 periculose
1175 2497 1399 2582 decubuisse;
1552 2502 1676 2572 Nescio
1693 2524 1739 2569 an
1754 2501 1874 2571 omnia
1891 2497 2101 2590 scripserim,
2127 2486 2219 2592 quae
2232 2502 2342 2587 volui,
2356 2526 2439 2571 cum

341 2631 343 2636 '
409 2609 502 2686 mihi
526 2612 668 2679 videtur
696 2605 810 2674 fluxus
838 2626 912 2672 non
938 2624 1038 2693 posse
1063 2602 1144 2671 sine
1164 2599 1401 2691 periculoob-
1451 2603 1595 2696 quidem
1618 2603 1714 2671 aliud
1738 2602 1954 2672 exaliosint
1969 2601 2147 2671 ordinein
2162 2616 2452 2671 mentemvenes

374 2708 382 2716 ⁸
410 2715 520 2797 strui,
546 2731 655 2805 quare
681 2707 745 2777 etsi
772 2701 839 2775 boc
862 2726 1004 2797 quoque
1025 2703 1212 2791 molestum
1237 2713 1309 2783 est,
1349 2700 1401 2768 le·
1452 2706 1499 2774 rit
1521 2705 1614 2773 inter
1636 2703 1878 2782 scribendum,
1910 2715 2016 2795 teque
2037 2725 2119 2788 oro,
2157 2716 2202 2771 ut.
2218 2705 2357 2772 ,enim
2379 2707 2442 2771 d„

411 2817 519 2888 nibus
534 2809 700 2882 remediis
716 2807 822 2875 velim
842 2820 876 2876 te
900 2809 983 2874 etim
1002 2804 1189 2872 moderari.
1240 2797 1401 2901 Obsecro
1452 2803 1534 2875 huic
1560 2829 1657 2873 meae
1681 2803 1934 2893 negligentiae,
1955 2805 2016 2872 sed
2039 2806 2134 2873 nosti
2154 2828 2249 2872 meas
2271 2806 2440 2893 miserias,

410 2932 445 2989 te
461 2919 505 2987 de
521 2909 587 2984 hac
607 2934 645 2980 re
662 2909 817 3000 disputes
833 2929 913 2976 cum
928 2904 1074 2975 medicis
1087 2905 1175 2975 istic.
1454 2908 1583 3001 quibus
1606 2906 1807 2973 condonare
1829 2917 1863 2974 te
1883 2890 1972 2973 'haec
2004 2929 2144 2997 qunque
2172 2906 2342 2978 existimo,
2400 2905 2441 2973 si

512 3011 590 3105 Eoo
615 3008 799 3081 tamam.
829 3021 864 3078 et
883 3007 977 3076 euris
996 3004 1204 3075 miserrimis
1223 3002 1403 3085 conficior,
1454 3008 1538 3103 quid
1565 2998 1806 3100 afferemus
1828 3005 1900 3073 {uu
1923 2999 2051 3088 haser,
2085 3006 2250 3089 seriano,
2282 3007 2346 3076 nu
2366 3006 2440 3076 etus

408 3132 451 3191 ut
465 3130 558 3199 recte
573 3110 796 3205 responderit
809 3120 923 3178 vester
936 3103 1199 3202 Astrologus³)‚
1224 3126 1282 3173 me
1295 3102 1401 3173 morti
1454 3108 1565 3200 gentis
1582 3109 1668 3175 fides
1681 3129 1825 3196 prorsus
1840 3106 1973 3174 incerta
1992 3120 2053 3177 est.
2097 3118 2101 3125 '
2393 3110 2396 3115 '
2415 3100 2435 3118 “’

409 3217 570 3290 vicinum
601 3235 695 3295 0⁸³⁸,
740 3232 846 3304 <lilim
881 3229 944 3299 080
973 3209 1116 3307 quidem
1148 3201 1239 3275 mihi
1264 3204 1403 3295 saepius
1555 3207 1623 3278 llic
1639 3209 1759 3278 serum
1770 3207 1885 3276 filiurn
1898 3202 2030 3277 Gallici
2044 3208 2136 3296 regis
2149 3204 2289 3276 Caesari
2314 3206 2440 3274 condi-

413 3340 521 3415 quum
537 3316 648 3385 vitam
664 3325 759 3403 opto.
1456 3311 1585 3394 tiones,
1610 3332 1696 3402 quas
1713 3323 1812 3399 Pater
1827 3307 2058 3400 approbavit,
2081 3308 2301 3392 renunciare,
2326 3321 2359 3377 et
2373 3307 2442 3376 alia

511 3416 566 3488 De
580 3407 755 3485 monacho
769 3411 830 3505 qui
847 3408 1002 3500 peperit,
1028 3430 1109 3476 vera
1132 3421 1183 3475 est
1197 3408 1311 3492 fama,
1335 3405 1405 3476 suit
1454 3411 1584 3489 multa,
1611 3433 1700 3501 quac
1714 3433 1771 3476 me
1785 3403 1881 3489 nibil
1893 3421 2048 3481 movent,

322 3578 325 3583 .
411 3521 451 3590 in
466 3512 630 3589 Marchia
647 3513 792 3607 quidem
813 3510 1034 3602 praepositus
1051 3507 1265 3578 Mouialium
1289 3505 1404 3600 ἕρμα·
1556 3503 1650 3578 Mihi
1663 3507 1731 3578 Dei
1745 3507 1917 3578 benelic'io
1931 3508 2003 3576 lilia
2013 3501 2050 3603 ⁴⁸)
2072 3524 2154 3579 nata
2180 3523 2230 3578 est
2250 3524 2360 3579 marre
2385 3512 2445 3577 in-

322 3628 329 3645 '
410 3613 608 3716 φοόθίτθς,
629 3614 731 3684 cuius
748 3609 967 3682 continentia
987 3609 1171 3678 mirificam
1196 3607 1405 3678 admiratio·
1455 3609 1605 3693 columi,
1626 3634 1665 3678 ac
1675 3623 1812 3704 ¹caetera
1829 3611 1972 3703 quidem
1984 3609 2024 3677 in
2048 3611 2165 3700 genesi
2188 3613 2276 3679 bene
2300 3603 2444 3693 habent,

411 3725 495 3791 nem
517 3713 662 3799 babuit,
690 3708 783 3784 ἀλλὰ
812 3703 1029 3806 domnitam
1059 3701 1245 3804 μάρτυρες
1269 3701 1405 3803 ἡμέραι
1455 3709 1522 3782 hoc
1538 3706 1628 3779 mihi
1644 3702 1817 3800 displicet,
1844 3710 1937 3805 quod
1947 3685 2138 3808 subigere
2154 3705 2202 3784 V
2196 3734 2283 3781 enus
2301 3720 2352 3782 est
2370 3690 2444 3780 nori

413 3822 463 3903 eit
476 3816 665 3890 Pindarus.
1456 3812 1541 3883 bene
1556 3809 1680 3880 iuncto
1702 3807 1785 3879 seni
1791 3800 1867 3906 *‘),
1903 3825 1935 3880 et
1957 3808 2056 3880 Mars
2080 3809 2300 3883 horribiliter
2320 3815 2445 3904 aspicit

415 3957 419 3964 ·
515 3911 712 4017 Spenglm'
744 3915 894 3985 salutem
928 3903 1071 3982 Christo
1107 3911 1404 3991 commendemus,
1455 3919 1601 3985 domum
1624 3926 1784 3983 octavam
1808 3937 1849 3981 ex
1866 3917 2065 4001 'tetragom
2118 3914 2186 3986 sed
2206 3910 2369 3984 (jhrffism,
2393 3929 2445 3984 est

412 4023 476 4118 qui
498 4021 637 4091 utinam
655 4030 769 4088 servet
789 4014 995 4084 incolumen
1014 4008 1247 4107 Reipublicae
1270 4025 1405 4079 voetrae
1454 4016 1640 4096 domiuus,
1670 4015 1728 4082 cui
1751 4015 1869 4103 omnia
1896 4015 2050 4083 subiecta
2076 4030 2176 4097 suut,
2209 4015 2314 4086 ctiam
2340 4029 2444 4088 astra.
2475 4020 2479 4025 '

412 4124 531 4193 virum
557 4120 732 4210 optimum
746 4130 787 4186 et
810 4128 985 4184 amantem
1002 4112 1147 4203 patriae.
1196 4111 1346 4209 Scripsit
1359 4112 1405 4180 ad
1455 4117 1513 4188 Tu
1528 4117 1608 4186 vale
1619 4114 1828 4184 felicissime,
1882 4113 2057 4185 Ροῃῄἀῑρ
2077 4115 2205 4186 lambi,

412 4246 471 4294 me
493 4217 631 4293 Simon·
647 4212 844 4312 Grynaeus
875 4211 1081 4285 hisdiebus
1113 4227 1147 4281 et
1171 4213 1300 4301 opinor
1322 4212 1403 4280 eum
1773 4242 1777 4249 =
2199 4212 2391 4296 (mmm,

412 4326 458 4396 ad
476 4337 511 4395 te
527 4343 669 4416 quoque
684 4317 872 4410 scripsisse.
926 4312 1029 4384 lubet
1044 4314 1160 4396 enim,
1185 4325 1225 4382 ut
1246 4337 1325 4382 cum
1347 4336 1420 4381 re·-

413 4425 612 4518 spondero‚
643 4423 688 4491 ad
710 4434 744 4489 te
764 4419 914 4489 mittam.
972 4412 1057 4483 Fuit
1080 4413 1117 4482 in
1139 4411 1287 4501 Anglia,
1320 4405 1404 4482 inde

414 4526 517 4597 affert
540 4527 585 4595 ad
609 4545 667 4591 me
689 4515 833 4614 ζτῇημα
853 4512 936 4611 περὶ
957 4507 1300 4632 yoiptovssoptls‘wc,
1326 4537 1404 4582 ma·
1464 4558 1532 4635 No·
1549 4554 1635 4630 996·
1805 4560 1809 4567 .
1849 4556 1854 4566 .
2285 4569 2341 4630 ἵε.
2361 4561 2419 4624 lut.

415 4650 520 4726 gnam
544 4620 976 4717 proseet0,per1culosam
1003 4617 1406 4686 etdrffierlemcontro-
1460 4652 1631 4686 Μ
2179 4638 2183 4663 ι
2262 4651 2435 4680 m

414 4729 585 4810 versiam,
618 4727 662 4793 de
682 4746 752 4817 qua
777 4746 858 4792 cum
880 4722 1114 4809 respondero,
1147 4718 1282 4786 mittam
1304 4720 1347 4784 ad
1370 4731 1404 4785 te
1699 4768 1702 4773 a
1818 4725 1855 4806 1·
1889 4720 2076 4804 Brenno·
2194 4764 2198 4772 .

414 4849 533 4897 meum
549 4826 737 4915 scriptum,
756 4836 796 4893 ut
814 4839 854 4893 tu
876 4823 920 4890 ad
936 4814 1151 4912 Grynoeum
1177 4819 1406 4899 transmittas,

414 4942 492 4999 turn
509 4926 639 5016 poteris
654 4925 683 4992 si
698 4925 794 4992 voles
809 4937 917 4994 totam
932 4945 1007 4990 rem
1025 4942 1244 5010 cognoscere.

445 5049 448 5055 ·
482 5104 487 5109 ,
518 5023 573 5098 De
592 5022 746 5094 Hercule
770 5024 872 5116 plane
891 5017 982 5090 mihi
1004 5023 1217 5091 satisfactum
1241 5032 1310 5103 est,
1342 5041 1404 5107 ego
2067 5067 2071 5076 .

415 5150 531 5200 unum
551 5127 706 5220 aliquem
728 5139 762 5195 et
787 5124 931 5217 quidem
953 5123 1056 5191 illum
1079 5118 1293 5192 Thebanum
1316 5117 1407 5191 Aru-
1456 5128 1677 5204 Iohanni
1708 5127 1922 5209 Brentio,
1957 5124 2077 5195 arnico
2114 5151 2198 5208 seeo,
2236 5149 2272 5219 gu
2304 5126 2384 5221 ,bod
2416 5132 2449 5202 ist

415 5225 619 5325 pbitryonis
638 5225 791 5296 extitisse
810 5223 983 5307 arbitror,
1014 5223 1077 5315 qui
1098 5223 1191 5292 lama
1212 5246 1331 5291 rerum
1347 5242 1408 5309 ge·
1878 5227 2029 5315 Quam,

415 5345 548 5404 starum
565 5328 785 5401 occasionem
802 5324 959 5414 fingendi
971 5325 1052 5393 aliis
1069 5325 1222 5407 dederit,
1248 5323 1312 5416 qui
1326 5322 1408 5414 plu-

1523 4907 1642 5032 Itippsatgli
1654 4907 1703 5047 lip.
1714 4902 1767 5029 gell.
1785 4921 1812 4974 p.
1824 4899 1886 4963 874,
1908 4929 1940 4980 -·
1977 4899 2029 4956 tlte
2040 4919 2071 4955 ex
2089 4902 2295 4973 autograpbo‘in
2309 4905 2371 4963 cod.
2381 4860 2446 4958 ido-⁸

1458 5347 1499 5438 S'.
1527 5366 1573 5442 D.
1607 5362 1685 5438 Etsi
1698 5380 1772 5434 non
1785 5358 1961 5433 habebam
1976 5357 2044 5432 hoc
2058 5376 2218 5452 tempore
2232 5365 2343 5433 otium
2363 5367 2449 5435 scri-

426 5499 654 5523 ..---
1003 5480 1006 5487 “
1459 5470 1585 5563 beudi‚
1609 5483 1644 5539 et
1656 5469 1806 5538 obrutus
1821 5488 1916 5534 eram
1928 5462 2077 5533 summis
2091 5463 2202 5532 animi
2223 5467 2449 5560 corporisque

450 5593 479 5656 t)
497 5584 687 5643 Ferdinsndur
701 5589 814 5653 propter
828 5588 932 5656 metum
943 5576 1103 5632 tosticum.
1126 5577 1157 5633 C.
1169 5575 1226 5630 W.
1467 5596 1678 5613 .-.....-..-

449 5674 480 5743 1)
497 5664 634 5740 Georgius
650 5663 782 5719 Aemilius
800 5656 965 5732 (Oebml'o).
1494 5659 1524 5723 a)
1541 5653 1702 5727 Mum,
1714 5651 1741 5705 a,
1757 5651 1800 5708 10,
1814 5645 1885 5702 hm,

429 5765 438 5785 '¹
451 5759 486 5826 ’i'
500 5754 666 5822 &imme
1254 5779 1258 5791 ·
1436 5798 1440 5805 ,
1496 5746 1542 5812 1θ’)
1560 5743 1587 5800 b.
1600 5760 1625 5794 e.
1641 5741 1703 5810 quia
1716 5731 1911 5790 melancholica
1926 5734 1984 5787 erit.
2006 5733 2037 5790 C,
2051 5733 2109 5789 W.
