5434 6717
355 690 362 709 ,
410 614 489 691 ass

415 785 621 872 artificum,
636 787 749 878 placet
765 782 856 856 mihi
874 787 949 880 ipsa
964 789 1078 858 forma
1094 786 1221 878 operis.
1271 780 1406 853 Multas

211 924 213 930 ·
327 958 330 964 ,
410 889 512 959 oiim
536 889 606 957 iam
629 889 852 977 gravissimas
873 890 1132 981 disputationes
1160 887 1267 957 etad
1298 884 1406 953 vitam

412 990 538 1074 utiles,
563 983 781 1058 ethabentes
801 990 984 1060 liberalem
1006 989 1204 1059 doctrinam
1227 983 1409 1076 explicavi,

410 1105 455 1162 et
469 1104 511 1160 ut
525 1112 628 1180 spero
643 1111 770 1178 genere
787 1092 958 1161 orationis
972 1091 1078 1161 etiam
1095 1087 1284 1181 probabili.
1302 1083 1408 1154 Nunc

410 1214 498 1261 cum
529 1193 573 1258 ad
596 1185 753 1258 hominis
777 1204 812 1261 ct
832 1194 970 1261 animae
1000 1205 1163 1261 naturam
1198 1187 1409 1269 accedimus,

412 1313 631 1382 magnopere
646 1293 750 1382 cupio
766 1292 920 1363 inserere
935 1287 1167 1385 ἇνατομίαν,
1199 1303 1234 1360 et
1254 1287 1410 1380 partium

419 1406 582 1474 naturas,
628 1392 813 1463 varietates
852 1407 1228 1485 temperamentorum,
1273 1388 1312 1458 id
1347 1400 1410 1469 est,

417 1486 606 1587 κράσεων,
630 1488 866 1564 humanarum
886 1518 1007 1564 causas
1028 1508 1064 1565 ct
1085 1493 1234 1584 species,
1259 1511 1410 1582 quarum

417 1618 538 1664 renam
570 1593 670 1662 nulla
702 1595 742 1665 fic
772 1595 905 1667 mentio
940 1596 979 1665 in
1007 1595 1213 1684 vulgaribus
1238 1587 1411 1684 Physicis.

413 1695 489 1766 liic
514 1708 574 1763 tua
593 1695 697 1763 nobis
719 1719 826 1787 opera
848 1696 1043 1788 plurimum
1075 1696 1240 1786 prodesse
1269 1689 1411 1783 poterit,

412 1795 452 1866 si
474 1796 531 1864 vel
554 1797 637 1866 odas
660 1796 751 1887 ipse,
781 1798 838 1865 vel
862 1799 967 1867 nobis
990 1798 1109 1867 mittas
1128 1799 1172 1864 de
1186 1790 1243 1862 his
1259 1793 1345 1862 locis
1360 1814 1411 1873 ea,

421 1921 510 1990 quae
527 1897 677 1965 maxime
692 1898 910 1970 videbuntur
931 1899 1037 1988 digna
1054 1896 1266 1986 cognitione.
1318 1890 1410 1961 Nam

422 1991 638 2066 Alexandri
646 1992 842 2066 Benedicti
856 2000 1038 2091 pertenuis
1052 2012 1086 2067 et
1100 1996 1247 2088 puerilis
1269 1993 1411 2061 libellus

420 2112 483 2172 est.
534 2096 671 2167 Vellem
695 2124 736 2168 ex
758 2101 965 2171 anatomicis
982 2093 1124 2183 Galerii
1136 2096 1262 2167 confici
1279 2094 1411 2163 iustum

412 2223 520 2292 ¹opus,
544 2194 714 2270 adhibitis
732 2201 837 2270 etiam
852 2202 990 2270 usitatis
1006 2196 1073 2269 hoc
1087 2212 1246 2290 tempore
1259 2218 1408 2267 nomen-

313 2343 316 2349 ,
420 2300 581 2383 elaturis,
622 2295 687 2369 hac
707 2303 751 2369 de
780 2325 817 2370 re
847 2326 976 2395 quaeso
1006 2315 1046 2370 ut
1079 2301 1264 2370 deliberes.
1327 2293 1411 2363 Non

420 2402 516 2470 enim
540 2401 685 2486 dubito,
710 2402 799 2495 quin
825 2404 854 2472 si
877 2404 923 2473 sit
944 2403 1057 2474 otium
1081 2402 1202 2471 iuvare
1218 2397 1334 2469 studia
1348 2419 1411 2464 cu-

419 2526 506 2594 pras.

519 2599 573 2671 De
591 2601 749 2673 Politicis
764 2607 858 2697 quod
877 2628 967 2674 ame
992 2604 1099 2697 petis,
1123 2603 1272 2672 lacerem
1293 2598 1411 2667 liben-

411 2715 491 2785 ter,
520 2704 590 2772 nisi
614 2695 740 2775 scirem
763 2730 829 2775 uos
851 2708 956 2797 plane
979 2707 1024 2775 ab
1052 2705 1125 2773 illis
1151 2694 1411 2797 ψευδοποληι-

418 2805 516 2895 nois,
549 2805 612 2898 qui
634 2830 729 2875 nnnc
751 2806 827 2875 siue
850 2808 922 2877 nlla
947 2806 1086 2877 liberali
1108 2802 1268 2873 doctrina
1293 2798 1411 2869 domi-

419 2918 571 2990 nantur,
596 2907 762 2976 derideri.
812 2907 926 2978 Nobis
942 2910 1051 2998 igitur
1067 2919 1102 2975 et
1113 2903 1229 2975 Musis
1250 2896 1411 2991 philoso-

416 2998 580 3097 phemur.
631 3006 715 3077 ldco
734 3011 777 3077 ad
803 3011 990 3082 utilitatem
1004 3003 1215 3080 Scholarum
1237 3025 1314 3070 mea
1335 3015 1410 3071 stu·

414 3106 477 3176 'dia
502 3107 629 3199 dirigo.
681 3105 779 3178 Bene
798 3113 894 3199 vale,
927 3110 963 3181 et
986 3109 1149 3182 rescribe.
1213 3100 1312 3177 Prid.
1332 3100 1409 3176 Cal.

419 3204 529 3298 Maii,
555 3206 790 3288 Ann01534.

415 3500 484 3574 No.
504 3505 611 3574 1188.

422 3599 595 3631 Μ

754 3671 826 3756 lb.
856 3670 1066 3777 Myconio.

485 3849 564 3907 Edita
576 3869 592 3906 a
606 3851 748 3922 Soegassio
762 3870 805 3923 ep.
818 3850 863 3909 41.

1286 3507 1397 3589 (Aen)

1266 3597 1405 3627 M

440 4084 536 4157 stori
548 4085 738 4159 Ecclesiae
755 4082 992 4170 Gotthensis‚
1016 4111 1085 4157 suo
1099 4087 1218 4158 amico
1229 4113 1382 4159 summo.

410 4194 461 4287 S·
480 4210 526 4295 D.
576 4219 685 4309 Mitto
709 4222 777 4291 tibi
807 4221 1016 4289 sententiam
1045 4222 1088 4289 de
1118 4221 1259 4311 negotio
1282 4222 1387 4292 matri

416 4323 566 4392 moniali
594 4324 775 4393 cuiusdam
812 4323 851 4390 iu
879 4320 1077 4418 Quaestura
1100 4316 1406 4391 Reinhardsbor-
1455 4317 1522 4388 No.
1539 4311 1647 4387 1186.

420 4422 528 4493 nensi
536 4452 543 4492 :
571 4439 674 4519 teque
694 4448 799 4514 rogo,
831 4437 872 4493 ut
887 4422 1076 4511 Quaestori
1093 4424 1168 4493 eius
1184 4425 1254 4493 loci
1270 4424 1406 4515 signifi-

418 4548 491 4613 ces,
516 4551 580 4613 nos
604 4550 678 4595 non
700 4525 896 4617 approbare
921 4524 1123 4614 coniugium
1146 4525 1263 4595 vitrici
1285 4550 1326 4594 ac
1351 4525 1406 4592 vi-

419 4624 509 4705 duae
522 4627 689 4718 privigni.
739 4625 829 4696 Nam
845 4625 988 4695 licentia
1005 4625 1102 4714 vulgi
1125 4626 1273 4694 omnino
1297 4627 1407 4695 refre-

417 4728 537 4796 nanda
552 4743 619 4798 est:
645 4730 706 4798 sed
724 4729 754 4797 si
770 4728 808 4795 in
822 4726 903 4796 aula
917 4726 1013 4794 aliud
1030 4725 1289 4818 impetraverit,
1313 4722 1407 4794 nihil

419 4828 465 4897 ad
483 4851 559 4900 nos.
610 4828 664 4898 Te
687 4854 770 4920 oro,
801 4829 852 4896 mi
866 4818 1073 4912 Friderice,
1103 4842 1275 4921 quantum
1296 4841 1407 4920 potes,

418 4922 659 5021 'des'tvporam,
683 4955 728 4999 ne
742 4930 809 5001 tibi
833 4930 879 5001 sit
900 4929 1088 4998 rixandum
1110 4923 1192 5023 περὶ
1210 4932 1408 5001 πολιτικῶν

398 5020 654 5129 ’πραγμάτων
683 5057 761 5101 cum
793 5031 863 5100 tuis
895 5030 1066 5115 civibus,
1088 5045 1124 5101 et
1155 5030 1258 5103 illum
1287 5031 1408 5099 fictum

420 5134 572 5203 amicum
596 5133 721 5204 fucatis
736 5132 860 5202 officiis
875 5131 1027 5217 ¹retinere
1041 5134 1196 5216 studeas,
1222 5156 1267 5201 ue
1289 5126 1408 5203 homi-

418 5232 483 5303 'nes
506 5235 661 5329 improbi
685 5235 882 5305 desiderare
905 5233 945 5301 in
960 5233 1064 5303 nobis
1079 5233 1282 5302 civilitatem
1299 5245 1334 5301 et
1347 5255 1408 5300 co·

420 5335 578 5406 mitatem
611 5337 756 5431 possint.
821 5330 1004 5418 Omnino,
1046 5347 1086 5403 ut
1114 5335 1233 5418 vides,
1266 5356 1407 5422 gravem

422 5438 623 5509 servitutem
649 5439 841 5522 servimus,
872 5435 935 5530 qui
956 5434 1027 5503 iam
1055 5436 1221 5504 docemus
1242 5430 1408 5524 Evange-

335 5532 340 5538 ’
420 5537 512 5611 lion:
535 5541 595 5607 sed
612 5542 650 5610 'tu
663 5540 799 5609 videbis
816 5538 991 5607 mundum
1007 5551 1137 5628 poenas
1158 5532 1265 5608 buius
1280 5536 1406 5606 crude-

421 5638 530 5711 litatis
553 5641 720 5709 daturum
744 5664 834 5723 esse,
866 5652 901 5708 et
921 5637 1022 5708 brevi
1044 5637 1081 5706 id
1095 5637 1164 5707 fiet.
1212 5635 1304 5707 Nam
1320 5631 1408 5729 haec

420 5757 530 5817 aestas
550 5765 625 5810 non
648 5741 716 5811 erit
742 5740 946 5832 tranquilla.
993 5732 1158 5810 Macedo
1180 5734 1277 5810 haud
1299 5738 1409 5828 dubie

984 608 1425 689 urrsrocaauu
1480 612 1590 692 aaa.
1625 613 1691 691 vr.
1739 553 1879 689 assa

2357 580 2458 687 am

1457 785 1594 879 aliquid
1616 786 1736 876 magni
1758 738 1998 882 movebit‘),·
2016 812 2080 858 nec
2113 812 2172 857 me
2201 800 2274 856 taut
2302 786 2461 857 movent

1456 884 1605 1057 Ll'ppcid
1623 910 1807 973 rumores,
1838 912 1943 981 quam
1965 883 2194 958 Macedonis
2211 888 2294 961 iata.
2351 883 2462 957 Bene

2197 1084 2401 1182 Philippus.
2473 1156 2482 1165 .

1457 1313 1525 1384 No.
1543 1311 1653 1385 1184.

1465 1408 1637 1439 Μ

1737 1465 1884 1550 looclc
1914 1462 2176 1551 Camerario.

1546 1609 1631 1687 Epist.
1645 1610 1678 1665 ad
1690 1609 1829 1665 Camerar.
1845 1629 1874 1682 p.
1886 1610 1940 1664 224
1950 1630 1991 1682 sq.

1458 1728 1507 1808 V
1503 1731 1559 1802 iro
1584 1732 1720 1832 optimo
1744 1729 1773 1802 Ι
1777 1726 1987 1804 oochimo
2019 1721 2296 1805 Camerario
2330 1738 2457 1811 amico

1746 1858 1889 1904 summo
1911 1828 2164 1930 Noridergoe,

1458 1930 1505 2020 S.
1531 1949 1577 2025 D.
1637 1949 1736 2022 Scire
1759 1952 1879 2043 cupio,
1918 1976 1964 2021 an
1986 1952 2159 2045 acceperis
2182 1967 2361 2049 utrunque
2390 1981 2454 2028 re-

1460 2053 1636 2137 medium,
1667 2053 1748 2121 misi
1771 2053 1868 2122 enim
1888 2077 1952 2145 per
1973 2049 2138 2123 homiues
2163 2054 2270 2140 fidos,
2302 2069 2344 2127 ut
2359 2053 2457 2129 mihi

1459 2154 1606 2246 quidem
1628 2154 1858 2238 videbantur,
1880 2168 1915 2225 et
1938 2179 2063 2245 precor
2076 2168 2116 2225 ut
2131 2154 2203 2225 sint
2217 2156 2346 2232 felicia.
2366 2192 2371 2199 ·
2396 2156 2457 2230 De

1460 2254 1590 2324 nostris
1603 2255 1709 2324 rebus
1724 2251 1818 2325 nihil
1834 2257 2026 2325 admodum
2040 2258 2138 2349 quod
2157 2259 2309 2328 scribam
2325 2253 2457 2346 babeo,

1459 2381 1542 2445 nam
1552 2355 1615 2429 etsi
1626 2355 1958 2427 arbitrabariamam
1974 2360 2018 2427 ad
2033 2381 2096 2427 vos
2112 2373 2358 2450 perventuram
2374 2382 2454 2431 esse

1459 2460 1504 2526 de
1519 2453 1625 2527 huius
1642 2458 1742 2525 urhis
1757 2457 1948 2541 incendiis,
1974 2459 2067 2528 etde
2089 2459 2453 2553 quodamlatruncu-

1460 2559 1496 2628 lo
1505 2550 1576 2653 **),
1600 2557 1662 2651 qni
1677 2558 1811 2628 bellum
1824 2558 1954 2629 indixit
1968 2559 2097 2629 ditioni
2111 2558 2313 2646 Saxonicae,
2327 2574 2452 2631 tamen

2302 1319 2457 1441 Q

1460 2684 1534 2729 rem
1550 2684 1622 2728 non
1639 2673 1725 2750 puto
1742 2659 1885 2749 dignam
1903 2683 1977 2731 esse
1998 2662 2129 2731 nostris
2152 2661 2290 2732 litteris.
2338 2657 2389 2733 Et
2409 2675 2455 2733 ut

1460 2785 1561 2854 spero
1595 2760 1764 2831 beneficio
1792 2758 1861 2831 Dei
1897 2774 1933 2832 et
1968 2761 2152 2851 vigilantia
2182 2762 2453 2853 magistratuum

1461 2859 1529 2933 hoc
1542 2862 1741 2955 periculum
1756 2862 1858 2931 facile
1875 2862 2081 2955 depelletur.
2107 2930 2112 2937 .

1560 2954 1854 3061 NuncLipsiam
1878 2965 2094 3057 proficiscar,
2116 2956 2333 3037 'moliuntur
2355 2965 2453 3035 enim

1459 3065 1604 3158 quidam
1620 3056 1822 3164 διαλλαγάς
1835 3089 1939 3147 τινας
1952 3069 2016 3158 τῆς
2028 3059 2184 3159 διδαχῆς
2189 3064 2212 3151 ,’
2229 3067 2290 3139 sed
2304 3086 2369 3157 ego
2387 3091 2452 3139 ex-

1459 3165 1576 3236 istimo
1593 3166 1699 3257 paulo
1715 3180 1795 3258 post
1814 3166 1921 3257 longe
1943 3167 2030 3237 alias
2050 3160 2250 3266 deuiioyoic
2266 3164 2450 3237 iaciendas

1460 3291 1544 3342 esse.
1596 3259 1769 3362 ὁπότερος
1797 3260 1845 3360 δὴ
1873 3271 1952 3341 τῶν
1975 3257 2367 3368 ἅντιστρατηγούντων
2389 3268 2451 3337 vi-

1459 3384 1535 3439 ctor
1548 3368 1632 3452 erit,
1657 3363 1839 3463 πρότασιν
1855 3370 1958 3451 vides¹
1964 3369 2197 3442 maximarum
2210 3368 2452 3440 mutationum

1458 3471 1498 3539 in
1531 3468 1742 3553 Germania,
1773 3494 1813 3539 ac
1840 3468 2034 3543 meministi
2059 3496 2125 3543 uos
2152 3473 2219 3543 ista
2247 3470 2450 3561 praedicere

1457 3584 1538 3641 ante
1554 3594 1667 3640 annos
1680 3571 1826 3663 aliquot.
2096 3638 2100 3645 .

1559 3668 1698 3741 Amabo
1715 3685 1766 3756 te,
1787 3671 1901 3741 scribe
1923 3666 2011 3741 mihi
2036 3694 2142 3766 quam
2165 3670 2343 3764 copiosiss.
2366 3671 2451 3771 aspi

1457 3766 1690 3858 Μακεδόνος,
1717 3772 1885 3867 quicquid
1900 3767 2058 3845 habebis.
2089 3769 2144 3841 De
2152 3764 2333 3871 Sophocle
2346 3774 2449 3846 valde

1456 3872 1569 3946 habeo
1589 3875 1654 3946 tibi
1669 3889 1703 3944 et
1721 3899 1784 3966 ago
1801 3874 1961 3966 gratiam.
2012 3872 2109 3942 Bone
2132 3874 2210 3943 vale
2230 3890 2263 3947 et
2285 3876 2449 3948 rescribe.

421 3981 517 4058 Viro
539 3987 674 4084 optimo
698 3982 752 4061 D.
778 3981 1028 4057 Friderico
1053 3980 1112 4055 M
1110 3986 1296 4080 yconio,
1329 3983 1408 4058 Pa-
1456 3976 1531 4051 Cal·
1547 3976 1648 4049 Maii.

2193 4071 2395 4173 Philippus.

2285 4330 2314 4388 l·
2333 4321 2422 4386 lleii.

1462 4410 1633 4441 Μ
2264 4411 2439 4439 m

1863 4459 2033 4545 Eidem.

1524 4608 1609 4680 Epist.
1628 4608 1662 4662 ad
1679 4605 1817 4661 Camerar.
1843 4623 1870 4675 p.
1882 4605 1944 4660 225.

1460 4747 1555 4824 Viro
1581 4749 1717 4849 optimo
1742 4742 1988 4818 Ioochimo
2020 4741 2295 4821 Camerario
2327 4755 2448 4827 omioo

1689 4876 1757 4922 suo
1781 4874 1940 4936 summo,
1965 4845 2212 4946 Norihergoe,

1456 4970 1500 5061 S.
1513 4978 1559 5066 D.
1609 4988 1727 5059 Hodie
1736 4987 1801 5067 tibi
1814 4986 1937 5079 scripsi
1953 5009 2016 5077 per
2028 4979 2243 5071 Basiliam,
2269 5014 2365 5062 nvrnc
2381 4995 2449 5065 tibi

1458 5088 1554 5163 hunc
1569 5093 1732 5160 iuvenem
1754 5089 1983 5171 commendo,
2008 5096 2047 5156 ut
2069 5081 2159 5155 mihi
2179 5090 2323 5181 quidem
2344 5094 2446 5165 vide-

1460 5211 1688 5229 W

1490 5267 1518 5336 *)
1539 5265 1652 5318 Videtur
1664 5261 1739 5386 lopui
1754 5262 1787 5316 de
1809 5257 2108 5383 appeditiorplevlfhilipp'i
2123 5258 2285 5333 landgravii
2307 5264 2342 5348 ad
2362 5270 2446 5323 reati-

1524 5332 2271 5470 illibitia·..3⁰23h01.¹¹1¹.133.‘2a’.l.l².2
2284 5332 2446 5472 lllfl‘stt

1488 5487 1539 5557 aa)
1559 5486 1659 5541 Haase
1681 5484 1808 5537 Kolbose
1830 5479 2031 5602 appellabatur,
2066 5482 2216 5536 secuudum
2240 5483 2315 5538 Clas.
2344 5486 2446 5544 Wolf,

1524 5557 1663 5610 Balihase
1675 5554 1775 5634 (male),
1793 5550 1857 5604 civis
1888 5549 2063 5612 erolruensie;
2081 5548 2113 5601 de
2128 5569 2183 5620 quo
2195 5551 2360 5622 supplicium
2373 5576 2445 5613 suro·

1524 5637 1584 5680 tum
1597 5634 1638 5678 eet
1652 5619 1863 5691 berolini-1540.
1880 5646 1917 5660 -
1950 5619 1993 5673 De
2010 5617 2144 5673 incendiis
2160 5619 2210 5675 illo
2225 5633 2351 5693 tempore
2365 5626 2445 5685 sacti

1524 5694 1577 5747 vid.
1596 5690 1705 5745 botheri
1725 5707 1785 5762 epp.
1803 5686 1837 5742 ad
1853 5683 2023 5767 Spalatinum
2043 5693 2070 5739 et
2088 5686 2291 5745 Bausmannum
2310 5692 2338 5748 d.
2357 5693 2384 5749 d.
2403 5697 2446 5750 12.

1523 5762 1593 5834 Ape.
1607 5759 1683 5816 1584.
