5434 6717
314 665 392 740 509
888 631 1326 727 EPISTOLARUM

313 834 401 930 gius
421 832 568 924 postulet
595 826 748 896 edictum
771 832 837 894 suo'
856 821 966 914 ipsius
986 816 1132 891 nomine
1153 813 1306 895 recitari,
1328 833 1332 894 ι

316 941 351 1006 id
369 937 463 1003 enim
479 944 596 1022 aperte
615 938 787 998 testantur
802 925 922 993 literae
938 914 1055 1004 ducis,
1073 911 1307 987 Einsidalios

316 1061 417 1128 posse
433 1053 625 1102 convocare
641 1026 822 1108 subditos,
844 1026 964 1117 eisque
979 1023 1079 1094 ducis
1094 1017 1305 1107 sententiam

316 1158 502 1227 exponere.
552 1131 621 1200 sat
640 1132 685 1198 de
702 1142 765 1196 stra
780 1126 1000 1195 consessione
1012 1125 1162 1203 addant,
1195 1141 1231 1187 se
1247 1118 1305 1185 in-

316 1238 417 1308 terim
435 1258 509 1302 non
529 1232 729 1321 improbare
743 1222 809 1295 hos
825 1227 1010 1307 articulos,
1042 1223 1106 1315 qui
1119 1217 1305 1308 Evangelii

316 1333 730 1413 doctrinamcontineut,
762 1328 862 1418 (sunt
877 1327 972 1395 enim
997 1325 1174 1391 variarum
1195 1331 1304 1388 secta·

316 1463 394 1509 rom
418 1433 557 1505 articuli
580 1429 773 1500 coacervati
799 1429 837 1495 in
859 1425 1007 1520 edicto),
1041 1436 1073 1495 et
1093 1419 1305 1491 nominatim

1328 905 1332 968 Ι
1359 905 1532 936 m

1383 637 1492 718 mu.
1526 639 1591 718 vt.
1643 638 1771 716 tsst.

1364 810 1534 886 Nossa.
2199 819 2231 878 6.
2247 809 2305 874 lul.
2343 848 2349 871 .

1524 1028 1527 1033 ,
1576 976 1785 1062 Brentius
1817 974 1879 1059 ud
1906 974 2116 1060 Melantia.
2163 903 2347 971 *⁶⁴⁵
2409 902 2411 906 Ι

1455 1157 1476 1223 †
1494 1153 1533 1210 nx
1545 1172 1638 1236 apogr.
1655 1152 1684 1208 iu
1699 1150 1760 1209 cod.
1773 1124 1933 1206 Obenendr.
1952 1169 1979 1222 p.
1993 1149 2037 1230 42.

1385 1303 1594 1383 Carissimo
1620 1308 1697 1378 viro
1723 1303 1872 1377 domino
1896 1299 2019 1378 Phil.
2045 1301 2102 1375 M
2106 1303 2158 1380 el.
2181 1331 2251 1377 suo
2272 1308 2312 1378 io
2338 1331 2347 1389 ,2

1361 1460 1364 1464 -
1515 1406 1668 1482 Christo
1686 1407 1825 1479 maiori
1842 1405 2185 1479 observandissime.
2325 1392 2347 1451 ⁰·

316 1540 464 1610 recitent
480 1556 571 1629 qaros
593 1532 660 1624 ipsi
683 1529 851 1599 articulos
872 1529 1043 1619 probent,
1076 1526 1121 1592 de
1139 1523 1226 1599 fide,
1261 1522 1305 1589 de
1354 1527 1524 1618 Gratiam
1549 1569 1588 1614 a„
1610 1568 1731 1636 pacem
1755 1538 1972 1614 inehrssto,
2023 1541 2171 1635 Amffi,
2207 1540 2350 1616 amfcig

316 1641 414 1712 cultu
437 1649 659 1718 tasstwfflm,
695 1633 740 1701 de
771 1642 920 1720 Uimque
944 1627 1079 1718 ‘Poei‘a
1117 1626 1162 1693 de
1180 1620 1305 1703 Ml⁸⁸³t
1355 1651 1444 1719 sime
1470 1648 1520 1716 mi
1537 1638 1730 1741 Philippo,
1763 1645 1865 1712 binas
1891 1659 1969 1714 tuas
1991 1642 2124 1728 literas,
2163 1646 2201 1714 in
2226 1639 2347 1717 alteris¹
2466 1682 2479 1703 -·

317 1744 431 1834 deque
453 1738 531 1811 aliis
556 1734 699 1805 factitiis
726 1730 897 1812 cultibus3
939 1742 974 1798 et
999 1730 1230 1806 admoneant,
1269 1744 1305 1789 se

316 1837 661 1934 quidem-nemiuem
680 1833 769 1903 tueri
781 1853 891 1921 ‚posse
903 1840 1023 1899 contra
1040 1825 1176 1899 Ducem
1191 1817 1307 1902 Geor-

315 1941 511 2036 g'idnuetsi
528 1938 593 2027 ipsi
610 1935 728 2003 nolint
742 1932 875 2001 saevire
889 1930 928 1998 in
943 1924 1020 2013 hos,
1037 1928 1100 2021 qui
1115 1939 1206 1996 recte
1226 1946 1308 1992 sen-

318 2045 439 2115 tiunt..
474 2038 534 2111 Sic
549 2031 760 2112 Ulmenses,
786 2032 900 2100 edicto
917 2028 1184 2100 Wormaciensi
1202 2025 1307 2105 edito,

230 2216 237 2221 ,
318 2143 556 2216 recitaverunt
569 2137 708 2230 civibus
730 2133 903 2210 edictum,
935 2130 1238 2209 etu'steuderunt,
1272 2146 1307 2191 se
1331 2140 1334 2199 t

319 2239 509 2335 prohibere
538 2234 624 2307 oon
639 2258 758 2326 posse,
798 2258 870 2324 quo
885 2234 1014 2300 'minus
1034 2229 1164 2301 Caesar
1185 2228 1224 2297 in
1245 2249 1307 2294 sua

319 2345 408 2413 urbe
427 2341 626 2432 promulget
640 2337 812 2416 edictum,
839 2347 874 2402 et
885 2333 1119 2414 addiderunt,
1143 2351 1179 2405 se
1194 2326 1310 2396 nerni-

319 2468 400 2514 nem
418 2455 540 2511 contra
556 2437 741 2511 Caesarem
756 2434 848 2504 tueri
865 2457 982 2524 posse5
1015 2445 1138 2501 verum
1157 2430 1196 2498 id
1217 2428 1309 2496 clare

318 2544 436 2618 testati
451 2555 551 2623 sunt,
580 2563 617 2607 se
631 2537 810 2617 nemiuem
825 2535 1015 2624 punituros
1026 2556 1121 2614 esse,
1153 2529 1214 2622 qui
1230 2551 1310 2597 coa-

319 2662 401 2718 etus·
412 2641 583 2732 evangelii
599 2637 806 2709 auctoritate
821 2635 1022 2707 dissentiret
1036 2635 1084 2706 ab
1099 2632 1163 2703 illo
1175 2629 1310 2709 edicto.

318 2739 510 2818 Luthar'os
528 2741 725 2820 iudicabat,
763 2730 998 2806 Einsldelios
1020 2731 1087 2804 boc
1111 2730 1311 2820 exemplum

319 2864 397 2919 tuto
415 2845 546 2916 imitari
561 2864 674 2932 posse.
724 2837 797 2908 Nec
821 2838 967 2908 invenio
992 2835 1179 2910 consilium
1204 2831 1313 2902 ἐπιει-

319 2946 504 3040 κέστερον.
562 2942 671 3020 Bene¹
690 2939 777 3012 vale.
843 2935 1010 3028 Montags
1038 2948 1118 3029 post
1143 2928 1312 3002 lobannis
1336 2982 1339 3001 ,

320 3049 511 3141 Baptistae.

1068 3132 1263 3215 Φίλιππος.

333 3437 412 3560 Q
412 3435 506 3557 Q
1038 3422 1040 3426 ’
1154 3426 1330 3497 sclua·

535 3597 605 3682 De
638 3586 746 3679 casu
774 3578 1101 3699 matrimoniali.
1216 3594 1218 3599 ’

371 3814 373 3821 -
394 3778 490 3832 stanti
513 3778 607 3846 iarrag.
626 3776 728 3894 p.103.
764 3771 801 3824 Er
821 3740 856 3824 a.
873 3725 985 3839 repetita
1005 3765 1033 3819 iu
1056 3766 1189 3820 Melentb.
1212 3765 1316 3821 Consil.

328 3872 330 3877 ·
427 3848 473 3900 lat.
494 3846 527 3900 ll.
546 3865 571 3914 p.
592 3846 708 3896 6l.-
743 3835 952 3909 apognptain
970 3835 1034 3888 eod·
1056 3833 1139 3887 Goth.
1159 3833 1316 3906 28..p.8b,

428 3926 455 3969 ct
475 3915 502 3983 ia
523 3914 584 3967 cod.
605 3910 687 3964 Goth.
705 3908 762 3962 168.
787 3925 815 3977 p.
834 3903 915 3959 [aab.
934 3927 970 3942 -·
1005 3902 1057 3956 eui
1076 3902 1111 3955 sit
1131 3902 1231 3974 scripta
1251 3902 1317 3956 baec

427 3980 560 4034 sententia
574 3979 721 4032 nescimus.

323 4090 512 4209 rurscam
540 4127 771 4229 Panope
793 4122 907 4198 Met
941 4120 984 4193 a
1009 4147 1098 4194 casu
1122 4093 1316 4195 marrim

768 4227 877 4298 nioli.

327 4355 594 4459 DeHortungi
603 4364 629 4461 ¹)
644 4362 784 4454 negotio
796 4363 845 4430 sic
855 4358 1069 4452 pronunciat
1077 4350 1317 4450 Lutheros²)‚

328 4476 513 4545 mulierem
537 4475 580 4540 de
594 4491 691 4535 more
709 4463 884 4533 citandam
903 4482 976 4528 esse
989 4478 1054 4549 pro
1072 4461 1182 4537 valvis
1194 4456 1317 4528 Eccle-

329 4573 448 4668 siae’).
508 4571 614 4660 Quod
640 4567 666 4635 si
691 4564 910 4656 apparuerit,
947 4564 1039 4630 dicat
1061 4578 1219 4640 eausam,
1255 4586 1318 4630 cur

327 4677 496 4747 maritum
513 4667 724 4749 deseruerit,
751 4680 784 4735 et
799 4674 935 4732 accuset
952 4687 1044 4732 eum.

431 4778 496 4848 Sin
521 4786 637 4841 autem
661 4793 733 4836 non
758 4764 976 4856 apparuerit,
1017 4786 1096 4831 curn
1115 4763 1172 4831 vir
1191 4758 1320 4831 habeat

329 4885 465 4950 bonum
496 4870 756 4952 testimoninm,
796 4864 1051 4956 pronuncietor
1075 4864 1167 4933 liber
1191 4867 1235 4933 ab
1258 4864 1320 4932 illa

330 4979 533 5073 desertrice:
560 4987 593 5042 et
608 4973 719 5064 ipsius
734 4966 968 5038 conscientiae
979 4967 1215 5055 permittatur,
1234 4962 1319 5057 an')

329 5102 472 5151 mrsnm
502 5077 586 5144 velit
617 5066 825 5142 contrahere
858 5067 1133 5138 matrimonium.
1206 5064 1319 5136 Causa

331 5201 407 5252 nou
436 5176 541 5248 habet
571 5174 751 5245 difficilem
781 5169 1070 5240 controversiam.
1127 5166 1195 5238 Die
1216 5168 1321 5237 lamae

330 5295 411 5377 post
427 5278 595 5350 loannem
613 5274 815 5371 baptistam,
828 5373 830 5378 Δ
844 5269 952 5340 1551.

332 5409 548 5431 Μ

367 5472 396 5533 1)
416 5463 575 5530 Horetum]
598 5458 639 5513 sie
659 5456 722 5512 eod.
736 5454 795 5509 168,
812 5485 849 5500 -
883 5406 1083 5506 tintstabeo
1106 5449 1160 5517 N„
1184 5449 1247 5505 eod.
1261 5451 1321 5504 ἢ,

367 5536 586 5685 &iiiiii-enrici
601 5609 750 5675 maturus]
770 5602 852 5658 liant.
864 5605 1098 5670 pronunciamus.
1116 5569 1121 5586 .

365 5702 396 5768 Β)
411 5716 466 5768 pro
481 5698 569 5749 volun
584 5690 730 5757 Ecclesr‘ue]
747 5687 933 5758 praetermissa
949 5704 963 5739 a
979 5683 1082 5739 Manlio
1096 5693 1170 5740 sunt.

332 5816 336 5826 ·
365 5791 393 5855 t>
411 5785 462 5851 aa]
478 5780 567 5833 Mul.
580 5787 686 5828 mruem

1356 1751 1460 1842 etiam
1478 1747 1707 1840 appendicem
1721 1742 1765 1816 D.
1781 1737 1960 1821 Lutheri,
1997 1768 2086 1836 quae
2103 1748 2220 1814 omnia
2237 1744 2346 1840 anmi

1356 1865 1455 1939 grata
1471 1845 1560 1918 mihi
1575 1847 1707 1918 fuerint
1724 1846 1794 1914 dici
1811 1868 1884 1913 non
1902 1857 2026 1935 potest.
2078 1843 2199 1939 Itaque
2217 1849 2347 1936 gratias
2367 1890 2369 1895 ·

1357 1952 1402 2024 T.
1417 1948 1463 2020 Η.
1487 1949 1655 2029 maximas
1678 1970 1760 2035 ago,
1793 1947 1889 2039 quod
1911 1945 2039 2013 veteris
2061 1961 2201 2017 nostrae
2222 1950 2348 2033 amici-f

1357 2054 1426 2122 tiae
1449 2075 1585 2119 memor
1608 2048 1778 2131 amicum,
1810 2046 1877 2115 tibi
1900 2046 2085 2137 molestum
2107 2050 2216 2138 magis
2231 2070 2346 2144 ‘quam

1358 2154 1603 2234 commodum,
1635 2172 1709 2217 non
1729 2149 1844 2217 solnm
1859 2171 1932 2243 non
1949 2147 2124 2231 fastidias,
2157 2153 2215 2219 sed
2240 2140 2360 2221 etiarri·

1358 2252 1482 2323 olliciis
1507 2253 1611 2322 colas.
1663 2248 1766 2337 Quae
1789 2270 1905 2339 nuper
1929 2249 1975 2315 de
1998 2249 2242 2320 iustificatione
2265 2252 2352 2322 fidet:

1359 2353 1513 2437 effutivi,
1543 2377 1582 2420 ea
1605 2374 1679 2421 nun
1701 2352 1792 2418 sica
1816 2373 1872 2418 me
1897 2348 2024 2439 scripta
2050 2342 2215 2441 accipias,
2250 2352 2348 2445 quod

1359 2478 1449 2548 quae
1467 2457 1510 2521 de
1525 2453 1643 2522 radice
1659 2450 1931 2520 commemoravi
1953 2451 2181 2535 satisfaciant,
2216 2469 2276 2535 aut
2299 2441 2352 2525 its=

1361 2557 1527 2639 sentiam3
1561 2555 1622 2622 sed
1645 2552 1808 2621 volebam
1834 2565 1866 2620 te
1891 2552 2033 2620 doctore
2050 2551 2218 2642 disertius
2242 2557 2285 2624 de
2308 2550 2352 2626 ea*

1361 2657 1554 2747 rediscere
1576 2653 1686 2747 loqui.
1750 2650 1900 2740 Quoties
1920 2653 2019 2720 enim-
2035 2653 2079 2720 de
2102 2642 2355 2727 iustificaliurre'

1361 2758 1558 2846 cogitabam
1575 2756 1670 2848 qnod
1689 2776 1762 2820 non
1780 2766 1868 2822 esset
1884 2776 1923 2821 er
1941 2753 2126 2842 operibus,
2158 2755 2248 2825 illud
2264 2759 2355 2828 subs·

1363 2859 1447 2926 inde
1465 2857 1660 2939 incidebat,
1692 2877 1811 2922 norme
1834 2867 1868 2949 et
1883 2854 1969 2921 fides
1985 2854 2058 2944 ipsa
2075 2874 2163 2947 ppus
2179 2859 2255 2927 esti
2302 2854 2355 2928 Et'

1363 2959 1529 3028 dominus
1544 2958 1611 3041 ait,
1634 2950 1702 3024 hoc
1717 2968 1767 3023 est
1782 2977 1872 3045 opus
1886 2951 1952 3049 Dei
1966 2968 2005 3024 ut
2019 2940 2179 3029 credatis.
2229 2958 2269 3030 si
2285 2958 2357 3050 igi-⁴·
2416 2999 2418 3003 Α

1363 3074 1423 3131 tur
1448 3070 1595 3127 nonest
1618 3056 1815 3127 iustificatio
1840 3055 2090 3146 exoperibus,
2127 3082 2191 3126 nec
2216 3062 2261 3128 ex‘
2283 3061 2353 3131 fide
2467 3062 2492 3092 '·

1365 3161 1442 3231 erit.
1499 3156 1590 3230 Cum
1619 3158 1680 3226 illa
1705 3157 1800 3224 enim
1822 3156 2043 3226 animo-meo
2068 3158 2354 3249 obversarentur}

1365 3260 1558 3330 sentiebam
1588 3259 1751 3352 equidem
1775 3257 2056 3350 iustificationem
2081 3248 2224 3350 propter
2244 3256 2356 3331 Chri-³

1365 3374 1458 3431 stum
1476 3361 1591 3430 solum
1607 3374 1640 3429 et
1661 3370 1735 3428 n'on
1758 3372 1902 3450 propter
1923 3359 2129 3445 dignitatem
2149 3374 2355 3433 nostrorum

1365 3478 1513 3553 operum
1529 3461 1632 3530 nobis
1648 3460 1861 3549 contingere.
1915 3457 1985 3528 Sed
2003 3470 2086 3550 prae
2107 3461 2256 3533 infantia
2277 3480 2359 3534 mea
2468 3504 2471 3509 ·

1349 3588 1440 3632 non
1467 3573 1650 3655 potueram
1679 3562 1790 3632 animi
1820 3561 2030 3629 seutentiam
2061 3563 2144 3633 satis
2171 3556 2358 3656 perspicuo¹

1367 3665 1550 3757 explicare.
1607 3662 1797 3756 Postquam
1820 3684 1904 3731 vero
1928 3661 1994 3750 legi
2020 3677 2054 3731 et
2075 3676 2152 3732 tuas
2177 3666 2296 3736 literas
2321 3662 2360 3737 el

1367 3767 1597 3856 appendicem
1611 3762 1716 3836 Doro.
1732 3755 1896 3830 Lethen·
1918 3773 1952 3830 et
1970 3762 2188 3853 apologiam,
2219 3790 2276 3836 me
2300 3768 2359 3838 iu-‘

1367 3867 1443 3935 dice
1474 3888 1646 3934 canonem
1675 3865 1840 3952 dignum,
1879 3861 1989 3930 didici
2019 3864 2120 3933 vobis
2153 3867 2359 3939 doctoribus

1367 3988 1441 4059 non
1456 3965 1569 4033 solum
1589 3981 1682 4032 recte
1699 3963 1845 4045 sentire,
1871 3985 1993 4031 verum
2012 3965 2115 4032 etiam
2133 3981 2225 4037 recte
2244 3967 2356 4061 loqui.

1367 4064 1508 4154 Quaeso
1522 4079 1656 4149 autem,
1681 4065 1732 4131 mi
1748 4059 1931 4154 Philippe,
1966 4058 2136 4155 tantisper
2153 4068 2255 4158 nugis
2269 4070 2358 4138 meis

1367 4166 1538 4254 benignas
1560 4189 1661 4235 aures
1684 4167 1867 4255 praebeas,
1900 4166 2012 4233 donec
2035 4170 2244 4247 sententiam
2271 4170 2359 4240 meis

1367 4268 1504 4351 verbis,
1536 4267 1566 4335 si
1602 4280 1676 4337 non
1712 4266 1877 4348 eruditis,
1920 4280 2013 4359 certe
2045 4269 2173 4357 apertis
2206 4270 2360 4363 explica-

1367 4363 1515 4464 vero-‘b
1567 4365 1647 4438 Edo
1668 4363 1711 4438 de
1733 4364 1900 4464 operibus
1921 4366 1971 4436 sic
1996 4368 2127 4442 iudico.
2185 4352 2362 4463 Triplicia

1367 4521 1596 4537 μ

1402 4612 1430 4680 Ψ)
1451 4612 1480 4664 ln
1502 4613 1599 4664 eodem
1620 4607 1683 4663 cod.
1700 4606 1791 4663 Oben.
1807 4627 1834 4680 p.
1848 4607 1892 4666 ll.
1911 4606 2010 4680 legitur
2023 4607 2107 4662 etiam·
2118 4607 2220 4664 Brentii
2236 4612 2312 4684 epist.
2324 4615 2359 4669 etl

1437 4680 1585 4734 trucium
1601 4678 1684 4730 baec:

1474 4747 1529 4820 „S.
1542 4749 1570 4800 in
1587 4744 1705 4802 Christo.
1741 4742 1830 4798 Sciam
1849 4753 1891 4812 te,
1915 4752 2074 4817 praeceptor
2091 4745 2120 4799 in
2134 4745 2242 4803 cbristo
2261 4751 2358 4805 obser-

1438 4815 1642 4897 „yandissime,
1668 4813 1768 4867 sanctis
1788 4815 1919 4897 negotiis,
1947 4811 2207 4895 quibusoeeolesiam
2226 4816 2378 4891 aedium,

1438 4890 1817 5026 atta⁰titt.²¹⁰tt;;’.‘atl
1832 4883 2359 5021 pastoralitatem

1437 5020 1523 5096 „lesu
1537 5019 1661 5099 Christo,
1678 5016 1853 5099 'redemtione
1865 5026 1976 5089 nostra,
2000 5017 2099 5072 deinde
2111 5020 2232 5074 indicare
2244 5020 2309 5093 tibi,
2327 5041 2359 5077 ee
2461 5054 2464 5058 -

1438 5083 1933 5211 ’,ὂὶὴῆῗὲςερμεῖιῐῖιί11111531.»ρίμωὶ
1955 5104 2043 5207 ''bilei‘'
2064 5087 2097 5140 ad
2117 5085 2199 5142 tinem
2220 5089 2359 5144 literarum

1439 5195 1545 5306 :iiiczio²
1567 5172 1704 5303 iiililtiip,
1714 5171 1845 5294 tuadi?⁸
1858 5173 1887 5276 iit
1909 5165 2359 5292 adierasiiinirintiimdiniidererbba

1439 5292 1608 5373 „sursUrdola
1623 5289 1741 5359 faciunt,
1765 5289 1830 5343 dum
1850 5309 1880 5344 ee
1898 5307 1949 5363 pra
1969 5288 2222 5364 mactandorum,
2245 5292 2282 5345 ita
2300 5293 2359 5349 fieri

1440 5371 1565 5445 „possrt,
1587 5370 1616 5440 ut
1635 5378 1665 5411 er
1685 5375 1767 5432 opere
1786 5359 1849 5412 fidei
1869 5358 1974 5414 idolum
1994 5366 2152 5432 statuatur,¹
2172 5371 2199 5414 et
2217 5359 2287 5414 ttae·
2305 5382 2358 5436 pro

1441 5448 1525 5513 „ppos
1539 5428 1665 5494 Cbrnto,
1689 5445 1770 5510 puero
1785 5429 1836 5481 lide
1847 5428 1970 5498 accipere
1983 5425 2126 5494 debemus,
2145 5427 2289 5485 adoretur.¹
2317 5431 2358 5486 Ne

1440 5509 1548 5580 „agatur
1567 5495 1722 5565 Charybdin
1744 5496 1829 5548 mm
1856 5496 1953 5577 rolens·
1967 5495 1996 5576 lp
2015 5493 2133 5577 §syllam
2153 5495 2306 5581 inciderim·
2319 5502 2358 5555 ste

1439 5563 2011 5708 glitt'ttaltldestillat&
2027 5563 2359 5701 amitttat&
2396 5614 2400 5623 '

1440 5719 1529 5783 „nem
1544 5699 1680 5770 largiatur.
1725 5698 1757 5752 Et
1772 5718 1833 5752 curn
1848 5698 1949 5781 dicitur
1962 5698 2028 5759 fides
2042 5699 2183 5781 purificare
2198 5704 2294 5776 corda,
2312 5705 2358 5758 iu·

1441 5769 1559 5844 „tellrgo
1580 5784 1637 5823 nun
1656 5784 1725 5839 opus
1745 5784 1794 5822 seu
1812 5777 1940 5823 muttum
1960 5785 2008 5822 seu
2027 5768 2186 5840 tremum
2205 5770 2281 5842 fidel,
2310 5771 2359 5827 sed
2389 5784 2395 5828 “.

1392 5844 1489 5915 88*
