5434 6717
336 642 412 722 sas
595 668 602 676 ·
905 639 1343 717 setsroaaauu
1392 613 1499 719 aaa.
1531 640 1615 716 ut.
1666 639 1800 724 assa.
2261 641 2382 738 ‘aas

339 818 516 904 consiliis,
546 830 665 896 tamen
686 815 726 885 in
744 815 928 887 communi
952 816 1037 888 odio
1061 815 1243 885 literarum
1262 837 1330 882 no-
1381 815 1531 886 reddent
1558 814 1790 910 tranquillam
1812 810 1995 889 Galliam?
2051 807 2153 901 Fac,
2171 841 2231 887 me
2254 807 2387 907 -impe-

341 937 492 992 stratum
507 918 573 988 tibi
587 914 911 1010 quoquenonnibil
926 918 1074 1010 periculi
1088 940 1161 986 esse
1172 916 1330 987 verebar.
1382 931 1508 1003 trasse,
1539 931 1581 987 ut
1602 941 1708 989 nemo
1732 918 1907 989 afficiatur
1926 913 2099 1013 supplicio
2117 919 2178 1013 qai
2197 917 2304 989 exuit
2316 939 2388 1001 ¹eu·

396 1081 399 1086 .
445 1018 567 1111 ltaque
579 1013 811 1089 cumBacero
823 1021 889 1109 egi,
910 1016 1008 1099 †ut''
1017 1015 1045 1112 ³)
1061 1020 1160 1087 daret
1174 1039 1331 1108 operam,
1383 1017 1535 1102 uallum,
1559 1018 1645 1112 qnid
1662 1020 1723 1091 liet
1738 1018 1777 1090 in
1791 1009 1938 1092 metetis
1953 1021 2159 1093 durioribus
2175 1015 2221 1117 ¹⁴)
2242 1013 2389 1094 articu-

345 1136 385 1194 ut
396 1117 593 1211 Augustam
607 1133 668 1189 aut
676 1118 879 1210 Tobingam
893 1120 1127 1190 accersereris.
1150 1115 1255 1188 Nunc
1267 1140 1333 1187 au·
1384 1118 1453 1188 lis?
1501 1114 1596 1188 Num
1611 1120 1761 1208 iubebo,
1785 1120 2027 1208 interlicieos,
2047 1123 2110 1217 qui
2128 1147 2203 1192 non
2220 1120 2389 1212 probant

342 1237 414 1293 tem
433 1217 503 1291 boc
525 1221 670 1290 nomine
694 1222 905 1291 mirabiliter
920 1246 977 1292 me
994 1231 1198 1291 recrearunt
1212 1219 1333 1287 literae
1384 1218 1588 1292 manifestos
1610 1220 1741 1292 abusus
1758 1226 1837 1295 τῶν
1854 1216 2095 1323 λειτοῳγιῶν
2109 1237 2171 1295 ant
2188 1223 2313 1292 cultus
2326 1221 2389 1290 di·

343 1339 444 1404 tuae,
466 1324 562 1416 quod
584 1336 619 1393 et
642 1323 839 1407 declarant,
864 1336 898 1392 te
915 1322 1052 1392 salvum
1067 1345 1158 1410 esse,-
1181 1333 1219 1390 et
1235 1341 1333 1410 spem
1385 1321 1538 1392 vorum?
1585 1317 1633 1391 Et
1655 1317 1798 1392 haeres
1820 1338 1972 1418 quantm
1994 1326 2147 1396 excitent
2167 1322 2389 1415 tragoedias,

344 1426 524 1519 qssandam
539 1425 749 1509 ostendunt,
770 1425 846 1493 fore
861 1423 1039 1494 mitiorem
1055 1423 1147 1511 regis
1161 1420 1333 1491 anianum.
1385 1445 1460 1492 non
1476 1422 1629 1512 ignoras.
1668 1420 1743 1493 Iam
1756 1419 1798 1521 ¹⁵)
1817 1424 1858 1493 in
1871 1420 1927 1495 bis
1941 1427 2005 1498 ubi
2020 1422 2114 1495 nibil
2127 1426 2387 1524 impetravero,

345 1528 454 1617 Quod
470 1549 554 1595 vero
568 1548 625 1593 me
640 1526 844 1614 gravissima
858 1527 1019 1597 oratione
1031 1521 1185 1594 hortaris
1198 1524 1243 1593 ad
1258 1522 1335 1602 iter,
1386 1537 1504 1593 manen
1527 1523 1725 1613 plectentur
1744 1523 1832 1595 boni
1854 1538 1890 1595 et
1908 1550 1971 1617 ego
1994 1528 2145 1597 videbor
2166 1527 2390 1616 suffragator

346 1630 479 1722 dequo
502 1626 647 1710 scribis,
681 1627 965 1718 suscipiendum,
999 1627 1097 1702 nulla
1117 1620 1209 1696 mihi
1228 1619 1335 1706 †ua·
1386 1625 1648 1715 etapprobator
1661 1624 1786 1698 talium
1802 1627 2059 1719 suppliciorum
2073 1623 2133 1721 ι“);
2155 1627 2299 1713 dicent,
2326 1648 2390 1695 me

345 1726 469 1823 quam*
484 1728 522 1796 in
538 1728 609 1798 vita
623 1727 937 1810 inciditdilfieilior
954 1728 1174 1800 deliberatio.
1199 1721 1252 1798 Ac
1269 1747 1336 1792 no-
1387 1725 1608 1795 commodius
1631 1728 1780 1813 sentire,
1805 1729 1913 1797 luisse
1937 1754 1992 1799 me
2016 1741 2221 1799 contentum
2241 1729 2310 1798 illo
2329 1728 2390 1797 le-

344 1832 410 1901 lim
424 1829 616 1914 existimes,
639 1853 697 1898 me
714 1830 856 1901 retineri
871 1829 1071 1899 domesticis
1086 1827 1250 1912 vinculis,
1275 1837 1337 1895 aut
1387 1825 1529 1898 viarum
1551 1826 1781 1898 articulorum
1804 1830 1904 1923 quasi
1921 1832 2152 1917 munusculo,
2178 1830 2216 1898 in
2230 1828 2390 1923 reliquis

346 1931 502 2025 'pericula
518 1932 682 2020 defugere
695 1924 737 2028 ⁶).
783 1928 891 2002 Nulla
910 1926 1067 2004 mibires
1082 1924 1337 2018 bumanapro·
1388 1927 1555 1996 omnibus
1571 1953 1651 1996 cam
1667 1928 1752 2020 ipsis
1767 1953 1840 1999 esse
1855 1924 2070 2027 ὁμόψηφον.
2103 1931 2212 2022 Quod
2227 1931 2259 1999 si
2274 1953 2393 2023 qaae-

345 2034 434 2127 poni
463 2045 562 2102 tanta
590 2045 727 2124 potest,
764 2033 822 2102 cui
855 2056 929 2101 non
961 2034 1152 2104 anteferam
1187 2028 1336 2120 gloriam
1388 2029 1469 2099 dam
1482 2023 1540 2098 hic
1552 2052 1618 2119 pro
1630 2041 1787 2121 tempore
1796 2031 1935 2122 largiar,
1951 2035 1994 2102 ad
2005 2027 2043 2129 *)
2059 2030 2326 2125 praeiudicium
2336 2031 2393 2099 al-

347 2131 493 2220 Christi,
507 2135 657 2204 salutem
672 2147 725 2206 tot
733 2130 968 2225 piorumie?
979 2133 1271 2227 tranquillitatem
1280 2151 1338 2197 ec·
1386 2130 1502 2202 ferent
1520 2129 1559 2197 in
1576 2128 1773 2225 Synodum.
1822 2130 1914 2203 Nam
1932 2127 2137 2205 huiusmodi
2150 2134 2271 2206 multa
2288 2153 2395 2226 saepe

348 2236 484 2311 etesiae.
520 2233 589 2305 Sed
605 2259 679 2304 una
690 2259 773 2304 cura
789 2257 934 2304 menon
947 2247 1087 2304 tantum
1103 2245 1251 2316 exercet,
1276 2230 1336 2298 sed
1388 2231 1460 2304 iam
1474 2223 1566 2300 mihi
1581 2232 1794 2304 acciderunt.
2186 2240 2191 2250 '

346 2339 454 2430 plane
480 2336 654 2406 excruciat
666 2331 712 2429 ’):
747 2336 871 2406 dubito
892 2333 1007 2414 enim,
1033 2359 1079 2404 an
1097 2332 1233 2427 aliquid
1255 2355 1338 2422 pro-
1488 2328 1608 2402 Habes
1617 2346 1866 2423 argumentum
1878 2357 1977 2408 meae
1991 2335 2277 2418 deliberationis,
2293 2334 2393 2428 qnod

347 2440 453 2528 licere
473 2439 616 2529 possim.
667 2436 765 2510 Haec
785 2459 841 2505 me
863 2437 919 2508 vel
941 2436 1114 2508 dubitatio
1137 2435 1194 2504 vel
1213 2435 1338 2523 despe-
1389 2432 1576 2525 praecipue
1593 2457 1648 2504 me
1664 2436 1815 2507 deterret
1832 2436 1877 2505 ab
1893 2434 2031 2507 itinere.
2082 2434 2157 2505 lam
2174 2435 2295 2527 cogita
2312 2436 2395 2504 illas

350 2541 440 2622 ratio
457 2532 487 2634 ⁸)
510 2541 679 2624 deterret,
712 2538 869 2631 quamsi
893 2533 983 2607 mibi
1007 2537 1158 2608 eximere
1181 2533 1338 2627 potestis,
1389 2529 1581 2627 phalangas
1598 2531 1874 2606 monadtorum!
1897 2549 1933 2606 et
1947 2537 2033 2622 scis,
2057 2562 2167 2632 mam
2181 2539 2263 2609 sint
2275 2531 2396 2630 ’ὑπερ-

351 2629 504 2712 libenter
533 2640 622 2710 istuc
646 2639 764 2709 statim
791 2638 986 2728 advolabo,
1018 2662 1084 2708 nec
1108 2662 1164 2707 me
1187 2650 1338 2706 terrores
1388 2628 1546 2730 ήφανοι,
1574 2647 1607 2706 et
1626 2636 1757 2729 quibus
1773 2637 1930 2707 artificiis
1950 2651 2092 2710 teneant
2109 2640 2311 2710 fascinatos
2325 2661 2397 2707 no-

349 2742 429 2827 ulli,
454 2765 519 2809 nec
534 2741 607 2812 ulla
626 2740 769 2811 vincula
784 2740 1069 2818 resnorabuntur.
1105 2734 1153 2811 Et
1168 2736 1338 2831 quoniam
1389 2736 1518 2808 bilinm
1539 2737 1688 2813 animos.
1738 2737 1810 2812 Sed
1834 2733 1921 2810 haec
1942 2764 2088 2812 menon
2107 2740 2215 2812 valde
2229 2752 2397 2812 movens.

350 2844 465 2914 scribo
489 2843 533 2911 ad
556 2842 708 2912 amicum
726 2855 762 2912 et
778 2844 821 2910 de
841 2866 878 2911 re
897 2844 1067 2925 maxima,
1090 2863 1191 2930 agam
1207 2850 1339 2930 aperte,
1390 2836 1484 2908 Illud
1498 2862 1631 2923 unum,
1653 2842 1749 2946 quod
1766 2839 1853 2925 diri,
1877 2842 2030 2912 deterret
2043 2865 2109 2927 me,
2134 2842 2237 2935 quod
2253 2862 2395 2924 vereor,

347 2959 389 3017 ¹ut
410 2945 509 3012 decet
536 2956 572 3013 et
597 2965 704 3012 causa·
722 2941 894 3032 postulat,
928 2956 1032 3036 teque
1056 2963 1161 3032 rogo,
1194 2954 1234 3009 ut
1257 2961 1337 3008 cum
1389 2952 1430 3009 nt
1449 2937 1632 3029 impetrari
1652 2962 1692 3010 ea
1715 2942 1872 3034 possint,
1898 2966 1988 3035 qnae
2012 2943 2057 3011 ad
2080 2943 2235 3032 gloriam
2252 2937 2398 3030 Christi

348 3044 470 3116 amicis
490 3042 566 3135 ipse
585 3043 691 3113 etiam
711 3043 903 3125 deliberes,
934 3065 1008 3114 non
1025 3043 1111 3136 quid
1127 3035 1217 3109 mibi
1234 3062 1338 3132 expe-
1389 3030 1492 3133 οῖ’.)
1505 3031 1797 3135 tranquillitatem
1808 3040 1949 3113 Galliae
1962 3055 1997 3113 et
2010 3044 2174 3113 ecclesiae
2187 3035 2396 3114 necessaria

348 3147 433 3230 diat,
454 3146 515 3216 sed
532 3146 617 3239 quid
635 3141 786 3230 Galliae,
808 3144 894 3240 quid
910 3145 1072 3216 ecclesiae
1086 3143 1210 3242 prosit.
1259 3137 1338 3210 Hoc
1389 3161 1464 3211 csse
1485 3141 1589 3213 duco.
1647 3139 1701 3212 Ac
1724 3144 1831 3240 plane
1858 3144 1966 3214 senio
1990 3144 2130 3214 ineam
2147 3135 2397 3216 sententiam:

349 3260 454 3342 caput
469 3261 521 3318 est
535 3244 812 3319 deliberationis.
1389 3262 1523 3331 regem,
1548 3242 1579 3311 si
1596 3244 1742 3336 quidem
1755 3245 1841 3316 velit
1856 3245 2091 3316 considere-et
2102 3247 2236 3337 gloriae
2246 3241 2400 3317 chricti

300 3347 302 3352 ’
450 3344 636 3431 Existimo,
661 3369 825 3436 magnam
840 3341 957 3441 esse')
975 3346 1178 3418 varietatem
1196 3340 1339 3436 opinio·
1389 3344 1686 3437 ettranquillitati
1703 3346 1876 3426 ecclcsiae,
1902 3367 2041 3416 summo
2057 3347 2172 3418 studio
2185 3342 2400 3418 adhortan-

350 3465 439 3521 'num
454 3446 482 3529 †
496 3449 534 3517 in
550 3445 689 3519 Gallia·
703 3442 763 3543 ¹⁰),
795 3461 829 3518 et
848 3448 977 3518 multos
992 3470 1065 3517 esse
1081 3445 1250 3520 fanaticos
1266 3441 1338 3536 spi·
1390 3446 1475 3514 dnm
1490 3466 1574 3530 esse,
1594 3457 1635 3516 nt
1648 3461 1747 3520 enret
1760 3448 1928 3518 maturari
1943 3450 2130 3542 synodum,
2143 3449 2211 3519 nbi
2225 3469 2399 3518 cosnmn·

349 3552 460 3635 ritus,
494 3549 556 3643 qui
579 3562 698 3618 serrant
715 3546 753 3642 ¹¹)
776 3549 945 3624 absurdas
968 3562 1003 3620 et
1024 3547 1238 3641 perniciosas
1257 3545 1339 3636 opi·
1390 3545 1485 3615 niter
1502 3544 1634 3638 poterit
1655 3547 1740 3616 iniri
1759 3549 1850 3619 mtio
1865 3550 2132 3620 constituendae
2147 3545 2189 3648 ¹²)
2213 3549 2397 3619 ecclesian

350 3653 489 3724 niones.
540 3648 631 3719 Nam
653 3645 712 3718 bic
736 3673 876 3744 quoque
899 3673 1015 3744 nuper
1034 3649 1232 3742 expulimus
1250 3643 1339 3720 Gal·
1389 3643 1752 3719 Caeteraeonsiliavel
1764 3641 1905 3720 inutilia
1913 3651 1970 3720 vel
1981 3652 2086 3722 etiarn
2096 3639 2397 3750 perniciosam)

350 3752 427 3823 lum
443 3747 503 3847 ¹¹),
535 3752 597 3844 qui
618 3752 662 3819 de
683 3749 870 3822 divinitate
883 3745 1019 3822 Christi
1038 3743 1201 3822 scelerate
1216 3748 1341 3842 dispu-
1391 3743 1480 3844 mihi
1496 3749 1674 3824 videntur.

350 3854 460 3925 tabat.
512 3849 605 3922 Stant
628 3865 662 3921 et
687 3851 749 3920 alii
770 3851 948 3935 seditiosi,
974 3850 1037 3946 qui
1058 3851 1184 3922 stolide
1208 3848 1341 3922 tumul·
1493 3847 1590 3920 Haec
1619 3850 1668 3920 ita
1692 3851 1847 3945 simplici
1872 3852 2284 3938 animaduertes,
2314 3874 2394 3922 non

351 3968 499 4026 tuantur
512 3954 575 4023 rabi
594 3947 687 4022 nibil
703 3976 792 4044 opus
806 3967 867 4023 est.
908 3948 1124 4044 †Utrosqae
1144 3965 1178 4023 et
1192 3950 1269 4044 ipse
1284 3950 1341 4018 iu·
1392 3949 1647 4041 tergiversandi
1664 3975 1779 4040 causa,
1795 3941 1913 4026 sedat
1927 3977 2002 4036 vos,
2019 3956 2150 4050 quibus
2163 3951 2395 4025 Gallianota

353 4055 433 4126 dico
453 4078 572 4123 severe
593 4055 805 4124 coercendos
826 4050 934 4138 esse,”
958 4067 993 4124 et
1013 4051 1115 4122 facile
1130 4065 1200 4138 est,
1225 4044 1341 4120 debis
1393 4063 1464 4132 est,
1496 4051 1672 4141 cogitetis,
1699 4079 1745 4124 aa
1769 4058 1948 4147 expediat,
1972 4079 2031 4125 me
2045 4052 2087 4153 ⁰)
2111 4056 2297 4148 suscipere
2316 4051 2393 4129 i'trr.

352 4160 438 4228 dare
460 4156 659 4226 consilium.
720 4154 789 4226 Sed
812 4167 896 4224 sunt
915 4154 975 4222 alii
998 4154 1162 4246 quidam,
1190 4152 1255 4247 qni
1277 4176 1342 4221 ne-
1394 4150 1500 4242 Quod
1517 4153 1548 4222 si
1563 4153 1609 4234 ita
1630 4149 1669 4249 Ψ)
1691 4157 1955 4242 existimabitis,
1981 4158 2135 4229 libenter
2146 4159 2292 4252 parebo
2307 4179 2393 4227 con-

353 4283 423 4352 que
444 4257 572 4348 irapias
593 4257 782 4349 opiniones
798 4251 930 4326 habent
944 4273 1061 4349 neque
1075 4254 1233 4325 seditiosi
1249 4270 1341 4339 sunt,
1393 4253 1474 4324 silio
1492 4267 1526 4324 et
1540 4255 1714 4326 voluntati
1733 4271 1879 4333 vestrae.
1917 4257 2065 4346 Necesse
2078 4272 2205 4330 tamen
2220 4258 2302 4345 erit,
2319 4282 2391 4327 rem

354 4361 433 4444 sed,
468 4360 584 4428 dicam
617 4359 712 4428 enim
747 4357 869 4448 plane,
906 4358 969 4450 qui
999 4357 1157 4428 modeste
1187 4356 1342 4449 probant
1394 4380 1449 4424 me
1465 4356 1509 4424 ad
1524 4355 1722 4448 principem
1738 4384 1856 4429 meum
1870 4353 2074 4532 ²⁰-plreleerre,
2100 4360 2165 4453 qui
2184 4362 2227 4429 in
2244 4371 2391 4434 retacta

355 4453 412 4545 ea,
435 4484 525 4553 quae
545 4483 567 4529 a
587 4460 717 4530 nostris
738 4459 797 4551 pie
817 4460 987 4550 patefacta
1008 4471 1103 4532 sunt.
1154 4455 1229 4527 lam
1253 4458 1283 4526 si
1305 4460 1339 4525 id
1393 4479 1466 4525 non
1490 4458 1675 4528 delaturus
1698 4474 1749 4532 est
1764 4455 1806 4557 ²¹)
1829 4462 1904 4553 pub
1920 4462 1992 4532 ’cae
2009 4457 2169 4535 utilitati.
2211 4459 2392 4554 Dispnta·

352 4573 496 4652 agatur,
527 4575 588 4641 ut,
612 4560 747 4632 etiamsi
769 4560 920 4632 leviores
943 4559 1088 4656 quidam
1110 4557 1251 4630 articuli
1271 4570 1341 4628 'no-
1393 4557 1476 4627 bitis
1498 4554 1566 4629 boc
1582 4583 1740 4654 quoqne,
1763 4588 1809 4632 an
1827 4562 1962 4634 etiamsi
1979 4589 2053 4634 non
2070 4561 2217 4655 possint
2230 4559 2278 4660 ²²)
2304 4561 2392 4634 obti-

353 4658 411 4736 bis
434 4664 632 4746 donentur,
661 4676 779 4733 tauma
805 4660 935 4755 reliqui
951 4661 1129 4752 graviores
1142 4662 1341 4732 obmantur
1394 4659 1470 4734 neri
1487 4683 1537 4746 ea,
1561 4684 1652 4754 quae
1668 4663 1843 4750 volumus,
1868 4664 1981 4758 prosit
1994 4659 2037 4764 ²³)
2053 4665 2127 4738 iarn
2141 4660 2191 4757 ²⁴)
2209 4690 2294 4737 mco
2313 4687 2392 4738 con·

355 4778 391 4835 et
419 4764 624 4849 deleantur,
661 4787 725 4856 ego
750 4785 866 4858 neque
891 4785 1013 4834 causae
1038 4763 1202 4854 publicae
1227 4783 1343 4855 neque
1426 4831 1472 4900 tt)
1487 4771 1816 4899 mmm*

355 4859 571 4958 eeclesiae”)
593 4866 771 4956 proluere·
820 4862 921 4953 Quid
934 4866 1031 4959 quad
1047 4888 1087 4935 ea
1103 4863 1251 4934 consilia
1268 4887 1342 4934 non
1428 4899 1473 4966 1⁵)
1493 4900 1564 4954 ow,
1582 4901 1646 4956 cot.
1660 4901 1726 4958 Bu,

352 4987 561 5014 m
689 4999 693 5006 -
1429 4967 1471 5036 ts)
1485 4968 1703 5033 parricidarum
1721 4971 1784 5027 cod.
1794 4967 1862 5030 Bar.
1875 4980 1901 5025 et
1914 4969 1966 5026 cod
1991 4971 2091 5030 Melan.

390 5035 419 5100 ⁵)
437 5046 469 5089 ut
479 5036 582 5090 addunt
593 5035 674 5090 codd.
687 5049 793 5088 omnes.
1375 5081 1378 5086 .
1425 5036 1524 5103 aaut]
1542 5035 1606 5092 1³02.
1620 5038 1662 5090 ld.
1867 5039 1917 5110 *l
1934 5047 1976 5124 ct]
1990 5039 2056 5100 rec
2069 5047 2121 5099 od.

361 5119 426 5190 A).
440 5119 510 5176 cod.
525 5119 588 5173 nu,
607 5117 773 5188 mmm,
806 5109 809 5118 '
1007 5109 1009 5116 '
1428 5106 1474 5168 17)
1489 5106 1865 5166 casamassancia.

388 5204 419 5278 7)
439 5204 508 5264 cod.
520 5205 588 5260 ilas.
604 5204 763 5273 discruciat.
1403 5169 1758 5307 :glsstwfierfflzw
1799 5263 1802 5270 Ι

237 5366 244 5373 .
360 5281 362 5286 ¹
388 5290 418 5359 8)
437 5291 506 5348 Cod.
522 5288 585 5348 Bav.
599 5299 625 5345 et
637 5289 700 5346 cod.
715 5273 943 5348 atstandandans
966 5289 1160 5350 masticatis
1171 5292 1305 5352 deunce.
1422 5311 1474 5384 Ι49)
1491 5311 1523 5370 ,3
1538 5310 1600 5364 ω),
1617 5310 1901 5372 &meam

391 5373 421 5442 9)
438 5374 500 5431 Per.
512 5378 641 5446 purim,
658 5376 706 5429 sed
720 5374 803 5429 codd.
818 5392 913 5428 oannes
927 5391 999 5447 esse.
1122 5437 1125 5444 Ι
1426 5377 1462 5432 ω
1492 5385 1578 5434 anlon
1595 5378 1657 5433 eod.
1672 5377 1733 5434 Bar.

392 5458 920 5526 lomcaffinddumwddmmm
965 5483 969 5492 .
1425 5449 1459 5502 21
1490 5446 1537 5500 Sic
1550 5446 1648 5511 cedda
1672 5447 1718 5502 sed
1734 5445 1915 5523 Pes.‚quum
1929 5462 2037 5507 creatus
2054 5453 2187 5524 opinioni
2206 5455 2397 5511 Malacam·

391 5545 435 5614 12)
445 5543 550 5620 χω)
566 5545 628 5600 ω),
642 5544 737 5604 nebu·
837 5581 842 5594 ⁸
1119 5523 1121 5530 '
1460 5514 1629 5637 pepigisset,
1653 5516 1752 5571 edidits
1778 5538 1861 5587 quam
1879 5524 1908 5573 a'n
1926 5538 1959 5574 rc
1979 5530 2062 5577 tanta
2081 5541 2142 5577 mn
2156 5526 2332 5595 asssutmm
2345 5541 2399 5582 esar

390 5627 437 5697 12)
456 5625 1343 5715 Gaummdtmmpsudttcsamttmmmmaa
1402 5604 1666 5719 namma,
1683 5651 1834 5711 „djnffl
1937 5673 1940 5678 -
1986 5663 1990 5676 ·
2016 5653 2019 5659 ·
2119 5657 2122 5666 ·

424 5701 569 5768 pandam
585 5700 622 5763 (ct
635 5710 712 5751 antea
725 5702 788 5752 asae
802 5714 853 5768 pro
867 5699 935 5766 hac).
1077 5771 1081 5778 ⁵
1143 5753 1165 5768 υ
1425 5720 1472 5789 a)
1486 5721 1628 5789 „osma
1644 5722 1709 5776 ω).
1719 5723 1784 5778 Bu·

388 5781 435 5851 18)
452 5782 572 5836 catasta
586 5779 649 5836 cod.
664 5780 731 5839 llas.
747 5791 773 5836 et
787 5777 851 5837 cod·
865 5779 961 5844 Meh-
1048 5813 1050 5818 ·
1114 5799 1121 5854 ζ
1424 5781 1474 5862 tt)
1492 5800 1589 5843 torma
1605 5787 1967 5850 cod.llav.etsod.blebn.
2006 5870 2028 5880 ..
2071 5833 2076 5840 .

492 5951 496 5960 ,
532 5941 537 5954 Ι

169 5999 173 6014 ι
352 6005 358 6016 s
518 5931 573 6020 ’ὦ
690 5971 705 5990 ἡ

538 6015 574 6042 .·.*
