5434 6717
310 598 422 723 868Ι
886 589 1324 671 EPISTOLARUM
1379 591 1489 667 LlB.
1523 594 1569 671 V.
1622 593 1754 667 1550.
2262 597 2336 685 834

277 744 394 835 ¹esse.
455 760 590 835 Aiunt
588 762 756 880 omuino,
796 763 828 833 ri
852 766 1046 851 corrduetus
1069 776 1199 856 ιιιιιιιιιι
1224 762 1298 852 ipse
1349 787 1471 839 mores
1487 788 1544 835 me
1566 765 1633 837 tibi
1651 764 1740 850 mei,
1774 784 1879 863 quos·
1855 756 1991 835 babes
2007 765 2223 850 satisuotos‚
2245 790 2334 883 pur-

308 867 477 936 coluisset
506 864 655 956 pecunia
684 852 823 959 aPapa
848 879 956 949 esset,
995 888 1178 971 nunquam
1202 863 1299 943 illius
1348 875 1442 952 gent.
1504 846 1686 965 Quicquid
1719 864 1869 954 egimus,
1908 865 2043 955 egimus
2076 866 2334 937 communicato

307 964 587 1035 dominationem
610 964 739 1035 melius
760 965 915 1057 potuisse
938 988 1101 1038 asserere.
1160 963 1298 1033 Vocant
1348 964 1497 1035 cousrho
1514 963 1681 1045 cumhis,
1715 959 2067 1058 qursrmulrdhrbrtr
2085 968 2225 1037 suntad
2248 960 2356 1057 lrarc'

307 1067 452 1160 quidam
474 1052 745 1156 Aehitophelica
766 1066 928 1152 consilia3
967 1058 1045 1149 alii,
1086 1064 1147 1161 qui
1176 1056 1297 1131 mode-
1348 1066 1499 1155 negotia.
1550 1056 1671 1137 Srculn
1686 1067 1851 1156 pravatrm
1866 1066 2058 1135 collocutus
2072 1090 2149 1135 sum
2163 1090 2243 1139 cnm
2259 1092 2333 1159 prr

307 1168 431 1241 stiores
448 1178 550 1249 suut
570 1161 768 1251 Erasmica3
799 1179 840 1237 ut
853 1189 917 1256 ego
930 1181 1016 1258 puto
1032 1188 1174 1256 propria
1191 1164 1296 1233 rllrus
1348 1167 1458 1251 vertis,
1483 1167 1519 1235 rd
1536 1169 1579 1235 ad
1596 1167 1685 1236 ahos
1699 1161 1791 1234 nrlnl
1806 1154 2015 1261 pertmct*)
2065 1162 2115 1235 Et
2129 1167 2174 1237 ab
2187 1191 2228 1237 co
2243 1181 2334 1239 tem
2352 1210 2355 1215 ,

204 1274 206 1287 '
307 1257 420 1337 Nedto
454 1267 557 1340 enirn.
583 1266 689 1335 aliter
718 1267 843 1350 sentit,
888 1284 992 1360 quarn
1031 1265 1134 1334 illum
1173 1278 1295 1332 contra
1347 1290 1450 1359 pore,
1477 1291 1518 1337 ex
1533 1292 1604 1361 quo
1620 1267 1720 1349 abes
1741 1278 1880 1335 tautum
1897 1266 1959 1336 otii
1978 1266 2270 1361 nonfuitnobis,
2292 1282 2333 1343 ut

307 1368 469 1441 omniurn
490 1358 728 1451 v'bluntatem,
760 1365 1032 1439 reclamantibus
1052 1366 1155 1434 etiam
1177 1377 1295 1454 aperte
1347 1367 1512 1457 privatim
1534 1392 1613 1437 curn
1635 1366 1711 1436 ullo
1733 1388 1869 1457 possem
1888 1366 1962 1436 ulla
1981 1368 2076 1451 dere
2092 1367 2332 1443 commentari.

306 1469 520 1563 quibusdam
533 1466 759 1552 fortrorrbus
784 1479 902 1542 tamen
919 1466 1095 1550 obtinere,
1119 1466 1217 1560 quod
1230 1488 1294 1533 vo
1345 1465 1446 1537 Nulli
1468 1482 1584 1538 autem
1598 1471 1684 1537 tuuc
1700 1480 1799 1535 erant
1813 1459 1879 1535 bae
1894 1468 1938 1535 de
1955 1491 1994 1535 re
2009 1490 2206 1551 sermones
2235 1492 2331 1539 nune

306 1570 429 1655 luerit,
452 1582 488 1639 et
501 1568 723 1639 condrtrones
734 1566 899 1665 perferre
951 1563 1117 1646 Addunt,·
1144 1564 1292 1656 proponi
1345 1568 1420 1637 nati
1449 1582 1560 1652 sunt,
1585 1583 1775 1660 postquam
1800 1562 2011 1658 patefactum
2037 1581 2106 1653 est,
2148 1557 2235 1663 quid
2266 1594 2332 1643 nos

306 1670 424 1739 omnia
450 1671 615 1755 subdole;
655 1692 766 1763 pauca
787 1691 877 1752 esse,
913 1666 977 1736 ubi
1009 1690 1081 1734 non
1110 1667 1292 1736 manifesta
1344 1672 1581 1738 concedamus
1601 1664 1797 1765 Episcopis.
1861 1664 1940 1736 Hoc
1958 1665 2053 1739 male
2073 1664 2178 1739 habet
2199 1669 2332 1741 scilicet

304 1770 587 1860 peccatainsint;
622 1793 695 1837 non
715 1771 824 1837 fuisse
842 1790 981 1836 cansam
1010 1766 1141 1849 ullam,
1172 1791 1235 1835 cur
1255 1767 1292 1833 in
1344 1770 1518 1861 quosdam
1546 1760 1866 1851 immoderatiores,
1905 1768 2008 1839 reddi
2040 1769 2331 1849 iurisdictionem,

304 1867 368 1939 has
407 1871 585 1959 angustias
618 1868 866 1940 declinaretur.
931 1865 1141 1937 Recitantur
1179 1866 1291 1959 capita
1343 1870 1480 1941 restitui
1496 1863 1683 1940 πολιτείαν
1694 1865 1986 1953 Ecclesiasticam,
2013 1863 2107 1938 hoc'
2096 1884 2331 1963 interpretan-

305 1968 569 2053 conditionum,
595 1981 845 2063 exasperantur
862 1968 990 2040 verbis.
1041 1965 1117 2055 Ego
1135 1980 1218 2057 opto
1235 1991 1292 2035 ar·
1342 1981 1402 2037 tur
1427 1970 1686 2040 restitutionem
1713 1967 1964 2038 dominationis
1984 1963 2200 2043 pontificiae.
2257 1968 2330 2041 Ne-

304 2069 520 2139 dcntrssrmrs
534 2067 642 2151 vous
674 2082 714 2138 ut
735 2067 783 2138 ita
805 2070 850 2163 dg
867 2067 1039 2157 religione
1059 2069 1184 2137 merito
1199 2060 1292 2134 Phi-
1343 2094 1412 2161 que
1429 2072 1574 2161 ignoro,
1607 2094 1670 2138 cur
1690 2082 1828 2138 tantum
1845 2063 2057 2138 abhorreant
2070 2070 2115 2138 ab
2131 2065 2198 2140 hoc
2213 2073 2330 2163 consi·

306 2167 408 2266 lippo
425 2170 508 2238 liat
498 2192 646 2253 rnruna
679 2182 785 2261 quarn
806 2169 836 2237 si
858 2168 935 2239 fieri
952 2169 1005 2237 illi
1024 2168 1148 2251 sciam,
1181 2167 1293 2236 maxi·
1342 2170 1404 2239 lio.
1453 2164 1567 2261 Aegre
1582 2171 1766 2262 patiuntur
1782 2168 1939 2239 crv1tates
1955 2170 2107 2239 reducr
2097 2195 2135 2239 ιιι
2157 2173 2261 2242 urbes
2284 2173 2330 2239 il-

304 2293 448 2361 mopere
464 2270 641 2358 indignor.
693 2268 835 2362 Cupio'
824 2269 1006 2359 agiturabs
1023 2281 1056 2337 te
1074 2291 1292 2357 cognoscere,
1342 2272 1414 2340 lam
1443 2269 1701 2363 Episcoporum
1735 2269 2025 2340 dominationem.
2090 2268 2138 2342 Et
2177 2272 2329 2362 sapiunt,

304 2370 449 2460 siquid
483 2365 613 2441 habeas
640 2384 859 2461 compertum
887 2372 931 2438 de
960 2370 1032 2438 illis
1056 2370 1173 2443 rebus.
1238 2367 1292 2436 De
1342 2374 1403 2440 sed
1424 2398 1495 2465 quo
1516 2397 1577 2441 ore
1607 2371 1794 2462 eripiemus
1824 2368 1891 2455 eit,
1926 2371 1956 2437 si
1980 2371 2084 2438 nobis
2105 2373 2328 2461 permiserint

303 2461 418 2537 missis
437 2469 591 2589 privatis·
606 2469 728 2538 audivi
749 2471 909 2539 omniurn
930 2471 1182 2540 maximarum
1236 2492 1291 2537 er·
1342 2473 1563 2559 doctrinam?
1613 2470 1734 2559 Quid?
1767 2470 1861 2563 quod
1879 2470 1998 2539 omnia
2019 2496 2109 2562 quae
2130 2473 2248 2561 largiti
2270 2470 2368 2543 sn-x

303 2570 505 2642 turbatione
533 2570 644 2639 animi
667 2570 748 2643 mei.
815 2568 878 2641 Ait
900 2572 1131 2663 reponendas.
1199 2494 1292 2640 tlbi?
1341 2597 1437 2653 mus,
1469 2568 1601 2642 habent
1625 2572 1800 2640 eiusmodi
1823 2571 2059 2660 exceptiones,
2101 2586 2140 2640 ut
2162 2568 2229 2643 hoc
2251 2598 2328 2642 me-

303 2695 428 2763 nempe
450 2672 547 2741 uude
569 2683 704 2741 amotae
726 2685 821 2745 sunt.
871 2669 1011 2743 Addn
1000 2670 1291 2763 interpretatruu
1341 2687 1460 2756 tuam,
1482 2698 1528 2743 ne
1541 2669 1712 2763 Episcop1
1727 2671 1927 2742 existiment
1942 2666 2122 2740 offerri
2079 2698 2226 2765 (ιηματα
2241 2670 2327 2743 ἀντὶ

303 2771 419 2841 culam
435 2773 479 2840 de
505 2772 756 2864 applicatione;
788 2787 881 2843 reete
903 2796 1004 2858 sane,
1032 2773 1191 2843 doctrina
1215 2795 1290 2842 non
1342 2769 1522 2869 ἀλφίτων.
1557 2775 1615 2842 sed
1641 2773 1726 2864 quid
1744 2771 1924 2862 potuimus
1939 2772 2061 2840 almd'
2112 2771 2326 2889 Quanquam

301 2868 475 2956 ¹violatur,
507 2874 567 2941 sed
589 2873 704 2967 qualis
729 2874 789 2942 ille
808 2896 892 2942 usus
915 2872 1005 2944 erit?
1039 2873 1178 2967 etquid
1201 2872 1292 2941 erit?
1339 2887 1382 2943 ut
1405 2899 1467 2964 ego
1491 2876 1586 2969 quod
1608 2875 1721 2943 sentio
1742 2873 1868 2941 dicam
1921 2858 2065 2942 Utinam
2089 2875 2224 2944 utinam
2245 2898 2328 2966 pos-
2355 2885 2369 2909 “

301 2974 343 3043 Si
361 2971 646 3058 Ecclesiasticus,
680 2997 755 3043 non
779 2975 999 3066 disputemus
1021 2975 1064 3042 de
1087 2974 1201 3057 exitu,
1234 2975 1289 3041 sin
1340 2974 1407 3043 sim
1432 2999 1504 3043 non
1530 2974 1674 3070 quidem
1700 2970 1980 3042 dominationem
2007 2973 2232 3058 confirmare,
2267 2977 2324 3043 sed

303 3075 502 3144 contrarius
521 3088 574 3153 est
593 3074 810 3146 institutioni
831 3070 984 3159 Christi,
1017 3099 1080 3143 cur
1101 3074 1291 3144 toleretur?
1340 3076 1684 3146 administrationem
1698 3069 2160 3162 restitnereldpiscopormm
2211 3030 2325 3142 Video

248 3169 256 3177 “
303 3174 398 3244 Haec
415 3199 490 3244 uon
507 3174 659 3267 explico,
685 3175 801 3245 etalia
819 3175 969 3269 paucula
984 3177 1175 3268 quaedam,
1201 3198 1290 3290 quae
1340 3177 1452 3261 enirn,
1485 3176 1675 3269 qualem
1648 3197 1758 3243 simus
1783 3169 1940 3244 babituri
1962 3170 2174 3257 Ecclesiam,
2214 3175 2327 3243 disso

302 3272 393 3345 milri
417 3277 586 3357 videntur
612 3277 814 3360 callidiora,
855 3300 961 3368 quam
990 3277 1148 3351 veritatis
1176 3275 1288 3343 oratio
1340 3278 1415 3346 luta
1440 3271 1603 3347 πολιτεία
1630 3275 1867 3353 ecclesiastica.
1935 3272 2049 3344 Video
2071 3287 2189 3365 postea
2214 3276 2326 3344 multo

303 3377 475 3466 patiatur,
516 3390 550 3446 et
573 3378 755 3461 tenuiora,
795 3400 902 3470 quam
923 3400 1013 3470 quae
1037 3377 1225 3445 debuerint
1251 3375 1289 3441 in
1340 3376 1655 3447 intolerabiliorem
1679 3378 1834 3445 suturam
1858 3374 2104 3469 tyrannidem,
2137 3400 2243 3467 quam
2263 3399 2328 3458 an·
2391 3393 2396 3407 ·

302 3478 365 3545 tali
383 3479 588 3548 tractatione
604 3478 768 3569 proponi.
820 3473 939 3546 Audio
961 3477 1086 3563 etiarn,
1112 3499 1291 3566 segregare
1340 3491 1395 3548 tea
1412 3502 1569 3570 unquam
1584 3478 1664 3547 tuit.
1717 3472 1775 3545 Ad
1789 3471 1887 3561 baec,
1913 3471 2006 3544 nibil
2020 3470 2137 3544 adhuc
2153 3479 2328 3547 concessi·

302 3602 384 3647 eum
399 3579 577 3669 principes
594 3603 613 3646 a
630 3579 813 3671 religionis
828 3578 1065 3669 protectione;
1098 3580 1193 3670 quod
1207 3577 1290 3647 satis
1339 3604 1418 3649 mus
1434 3579 1659 3663 adversariis,
1690 3592 1830 3668 praeter
1844 3601 1901 3662 ea,
1931 3570 2226 3669 quaeLutherus
2245 3602 2329 3647 cen·

301 3680 424 3747 mirari
445 3703 601 3771 nequeo,
632 3704 704 3773 quo
728 3681 856 3750 audeat
878 3678 1090 3759 arefacere,
1130 3681 1159 3747 si
1182 3681 1289 3747 modo
1340 3681 1410 3751 suit
1431 3703 1506 3749 esse
1524 3681 1723 3763 reddenda,
1757 3703 1795 3747 re
1814 3679 1904 3755 bene
1924 3701 1963 3746 ac
1985 3678 2173 3767 diligenter
2192 3679 2327 3749 delibe-

300 3780 394 3853 facit.
444 3776 570 3871 Ergo
556 3780 758 3867 illiserent,
787 3781 883 3897 quod
901 3778 1289 3870 dixerunt-impiefieti,
1339 3794 1415 3850 rata
1435 3793 1517 3850 ante
1538 3793 1763 3850 conventum.
1813 3777 1936 3896 Neque
1957 3799 2021 3865 ego
2044 3802 2118 3846 non
2142 3780 2328 3848 additurus
2402 3858 2404 3862 ¹

301 3881 496 3949 etserendo
510 3866 723 3972 probabunt.
773 3879 880 3950 Hoc
869 3902 944 3969 rpse
966 3880 1032 3948 erit
1051 3879 1124 3946 illis
1145 3879 1290 3948 auctor?
1339 3904 1436 3949 eram
1471 3880 1606 3972 aliquid
1638 3880 1738 3972 quasi
1769 3880 1981 3962 auctarium,
2027 3879 2190 3970 publicae
2231 3877 2328 3971 pacis

301 3971 454 4051 Adiuva
457 4004 530 4067 me,
554 3982 714 4073 sipotes,
740 3982 872 4074 optime
886 3980 1014 4062 amice,
1046 3979 1243 4049 ferentem
1232 4003 1289 4046 ιιι-
1339 4004 1453 4050 causa.
1511 3978 1622 4050 Cuius
1643 3980 1788 4049 fortasse
1809 3979 1922 4071 aliqui
1941 4002 2038 4070 nunc
2057 3979 2230 4050 rationem
2252 4002 2327 4048 non

300 4082 485 4151 tolerabrle
499 4085 640 4173 pondus
655 4081 921 4152 solrcrtudmum
940 4081 984 4148 de
1004 4079 1145 4170 publica
1167 4081 1289 4153 salute.
1339 4076 1490 4165 babent,
1512 4081 1592 4174 qui,
1616 4103 1646 4149 ιι
1660 4104 1740 4174 quis
1753 4079 1929 4149 exorietur
1941 4094 2077 4164 motus,
2100 4080 2238 4149 utinam
2252 4102 2327 4149 uon

299 4183 392 4252 Puto
409 4182 507 4253 illinc
522 4197 557 4252 te
572 4178 704 4252 habere
718 4183 872 4302 aliquid,
904 4183 948 4250 de
968 4205 1045 4273 quo
1068 4203 1113 4250 ne
1135 4180 1289 4270 graveris
1339 4183 1532 4254 abiicerent
1557 4205 1632 4251 non
1655 4184 1763 4251 modo
1793 4176 1858 4249 bas
1886 4195 2089 4250 nostrorum
2116 4180 2328 4303 disputatio,-

300 4306 439 4354 mecum
454 4285 731 4368 communicare,
754 4306 828 4354 uve
841 4306 905 4374 per
922 4283 1056 4365 literas,
1083 4283 1153 4350 sire
1170 4305 1288 4352 coram
1340 4307 1421 4368 nes,
1446 4286 1506 4353 sed
1521 4285 1723 4354 nniversam
1740 4282 1959 4400 religionem.

301 4385 477 4456 malueris.
528 4384 617 4453 Vale
630 4378 679 4479 *.)
1441 4384 1530 4454 Heri
1550 4386 1663 4455 dictae
1685 4398 1767 4453 sunt
1790 4383 1983 4453 sententiae
2004 4405 2023 4451 a
2047 4382 2176 4450 nostris
2202 4383 2246 4451 de
2271 4404 2328 4450 re·-

302 4507 304 4513 '
863 4473 873 4494 ’
976 4500 979 4509 “
1341 4486 1518 4555 stituenda
1541 4499 1710 4577 potestate
1734 4485 1973 4555 ecclesiastica.
2024 4478 2071 4551 Et
2089 4482 2328 4553 consentin·-

1341 4600 1396 4657 ter
1416 4586 1612 4669 Saxonem,
1649 4581 1910 4664 Marchionem‚
1947 4599 1981 4654 et
2000 4580 2325 4700 Lunebprgensem.

313 4706 379 4779 No.
397 4706 483 4776 877
1035 4718 1039 4733 ¹
1117 4722 1175 4781 81.
1195 4711 1276 4793 Aug
1342 4685 1456 4756 Herse
1467 4700 1690 4771 cunctantur,
1706 4700 1739 4755 et
1755 4686 1980 4754 dissimulant
1995 4684 2205 4755 sententiam
2220 4684 2328 4753 vester

287 4791 479 4831 ’Μ
1113 4801 1283 4829 “²“
1342 4788 1457 4877 legati.
1517 4787 1675 4876 Quidam
1696 4787 1824 4855 animis
1846 4787 2032 4855 intuentur
2051 4779 2119 4857 τὸν
2141 4777 2327 4865 rinaldus*

577 4873 722 4956 Ioocta
755 4869 1010 4953 Camerarm.
1364 4883 1474 4980 α”.)
1525 4888 1642 4959 Huius
1663 4888 1820 4957 consiliis
1841 4887 2075 4977 applaudent,
2105 4909 2136 4953 ιιι
2125 4885 2328 4956 videbun-

370 5033 453 5107 593„
468 5034 501 5088 ad
518 5033 656 5089 camerae
677 5053 703 5103 p
719 5033 777 5086 147
1341 5003 1399 5059 tur
1415 4990 1499 5082 ipsis
1517 4993 1712 5080 profutura.
1763 4987 1873 5057 Plane
1896 4983 1990 5056 nihil
2012 4986 2090 5055 fieri
2111 4987 2155 5057 ab
2172 4987 2245 5056 illis
2260 4992 2328 5055 no‘-

1024 5136 1027 5141 -
1052 5172 1059 5188 ι
1340 5092 1422 5160 stris
1447 5091 1706 5160 accusatoribus
1722 5090 1870 5158 candide
1885 5090 2054 5180 suspicor.
2108 5085 2231 5181 ltaque
2251 5111 2325 5155 nou

385 5173 412 5244 I
418 5170 631 5244 oacbrmo
656 5169 933 5244 camerario
959 5169 1205 5268 Νοιιὸιιὸιιι,
1329 5186 1442 5260 'valde
1457 5193 1559 5261 doleo
1573 5214 1667 5260 meas
1680 5190 1836 5261 actiones
1850 5191 1894 5259 ab
1910 5189 1981 5258 illis
1993 5181 2215 5279 reprebendi.
2248 5182 2325 5275 Ego

301 5290 342 5378 S.
363 5309 407 5378 D.
459 5310 565 5399 Quod
591 5312 634 5378 de
660 5309 748 5377 meis
776 5307 975 5376 actionibus
1001 5320 1105 5398 atque
1131 5309 1288 5378 consiliis
1339 5292 1474 5362 nullius
1504 5293 1542 5360 in
1574 5288 1641 5362 hoc
1671 5293 1811 5382 negotio
1839 5292 1987 5380 gratiam
2014 5302 2208 5380 aucupatus
2236 5310 2327 5373 eum,

300 5423 483 5501 tantopere
499 5412 656 5481 solicitus
672 5434 725 5494 ee,
757 5411 842 5478 sacas
857 5408 1012 5476 officium
1028 5420 1061 5477 et
1076 5432 1142 5477 ιιιι
1162 5412 1287 5500 optimi
1371 5486 1400 5552 *J
1420 5485 1496 5538 traua
1519 5484 1600 5538 dubie
1623 5484 1688 5541 hm
1705 5491 1826 5565 ⁸9²⁶an
1846 5481 1878 5533 aa
1900 5477 2035 5533 dmm
2057 5472 2325 5557 norinbergemiun

300 5527 334 5579 ‘t
350 5509 505 5581 hominis
519 5512 733 5582 amieissmi·
784 5505 860 5597 Eg⁰
877 5513 1110 5599 aulem'spero
1128 5510 1222 5605 [ω’
1247 5525 1287 5581 ut
1405 5554 1452 5606 Me
1453 5553 1611 5607 lantbonem
1624 5570 1682 5604 rem
1696 5550 1806 5634 Erange
1793 5550 1924 5603 elicorum
1939 5546 2072 5619 prodere,
2093 5546 2167 5616 quod
2181 5543 2243 5600 velit
2257 5543 2324 5617 Epi·

1403 5621 1493 5693 acopis
1509 5616 1615 5677 restitui
1628 5619 1852 5674 iurisdietionem

335 5708 364 5771 *t
381 5705 496 5760 Coelen.
511 5703 602 5758 addit:
620 5703 716 5756 Datne
728 5702 754 5755 6.
769 5698 880 5765 sepiar.
1369 5706 1418 5776 ΙΜ’)
1432 5705 1635 5853 Landgrasium
1653 5702 1711 5760 W.
