5434 6717
664 531 815 665 ⁶925

670 757 861 834 Viro
903 757 1205 859 optimo,
1254 754 1360 827 D.
1412 749 1720 825 Iohan
1740 754 1839 825 ni
1880 750 2310 836 Βνεηίἰο,
2360 748 2646 822 docenti

737 857 1236 956 Evangelium
1290 857 1368 925 in
1406 853 1705 927 Salinis
1751 853 2076 928 Suevicis
2091 912 2111 943 ,
2162 880 2295 926 suo
2327 851 2566 923 'amico

1285 978 1290 982 ’
1516 982 1800 1030 summo

664 1087 752 1176 S.
785 1106 872 1179 D.
973 1103 1158 1176 Cum
1189 1100 1565 1175 Smalcius
1598 1106 1675 1173 in
1708 1105 2004 1197 patriam
2040 1117 2402 1173 revocatus
2448 1112 2645 1185 esset,

665 1206 1312 1278 commendavimus
1342 1219 1544 1277 tuum
1577 1208 1903 1291 fratrem,
1946 1206 2455 1274 adolescentem
2484 1226 2640 1272 meo

665 1308 930 1379 iudicio
996 1308 1290 1400 plenum
1355 1304 1854 1396 humanitatis,
1948 1305 2230 1376 cuidam
2298 1302 2643 1394 Magistro

668 1424 1130 1479 conterraneo
1198 1423 1480 1492 nostro,
1575 1405 1920 1491 Badensi,
2013 1408 2168 1475 viro
2240 1406 2508 1497 optimo
2577 1419 2646 1473 et

673 1511 1154 1581 amantissimo
1205 1510 1347 1593 tui,
1425 1507 1628 1579 cuius
1689 1509 2085 1579 doctrinam
2150 1522 2220 1577 et
2282 1508 2493 1576 fidem
2570 1519 2651 1575 ut

670 1613 960 1705 probari
1005 1611 1213 1681 nobis
1232 1602 1307 1705 ⁴¹²)
1354 1611 1565 1695 scias,
1614 1611 1818 1679 docet
1865 1609 2053 1678 idem
2081 1602 2417 1676 Pontam‘
2456 1605 2646 1678 Can-

670 1714 940 1783 cellarii
987 1712 1250 1797 nostri,
1318 1735 1526 1804 quem
1573 1711 1797 1794 nosti,
1873 1710 2101 1780 filium
2147 1711 2457 1801 optimae
2496 1706 2648 1800 spei

668 1839 992 1906 puerum.
1093 1810 1192 1884 Et
1228 1826 1310 1883 tu
1358 1812 1520 1881 licet
1563 1836 1678 1881 me
1718 1812 1951 1881 rideas
1995 1826 2329 1905 tanquam
2377 1805 2645 1905 φίλαυ-

666 1940 841 2000 τον,
891 1929 1129 1988 tamen
1172 1914 1354 1983 serio
1401 1912 1613 1981 velim
1666 1912 1758 1981 ita
1814 1937 1925 1982 me
1973 1913 2233 1983 sentire
2279 1911 2652 1996 existimes,

670 2016 890 2088 nullis
919 2013 1157 2086 tribuo
1185 2011 1344 2105 plus
1375 2007 1882 2097 humanitatis,
1939 2037 2153 2107 quam
2185 2012 2450 2083 nostris
2479 2035 2651 2081 con—

672 2118 1035 2191 terraneis.
1134 2114 1327 2186 Haec
1359 2115 1607 2208 scripsi
1637 2116 1963 2206 pluribus
1995 2115 2270 2199 verbis,
2331 2128 2412 2185 ut
2439 2112 2653 2183 intel-

672 2219 856 2312 ligas
906 2208 1089 2287 mihi
1139 2217 1429 2287 fratrem
1484 2229 1689 2288 tuum
1744 2233 1954 2288 curae
2009 2239 2178 2287 esse.
2304 2205 2655 2284 Exhibuit

673 2313 857 2391 mihi
885 2342 1111 2411 nuper
1139 2317 1476 2411 scriptum
1507 2311 1732 2405 πεζὸν
1758 2340 1950 2403 sane,
2002 2319 2122 2386 sed
2155 2314 2233 2386 in
2261 2341 2403 2410 quo
2433 2338 2654 2406 agno-

673 2445 824 2492 scas
854 2419 1121 2514 ingenii
1145 2415 1679 2490 humanitatem.
1787 2413 1968 2492 Iussi
2000 2432 2081 2490 ut
2109 2412 2287 2488 mihi
2317 2416 2654 2510 frequen-

677 2524 819 2594 tius
846 2514 1191 2593 exhibeat.
1292 2516 1434 2592 Sed
1464 2519 1707 2589 audies
1737 2517 1974 2590 omnia
2004 2544 2085 2590 ex
2114 2519 2270 2611 ipso
2299 2507 2656 2613 Smalcio.

676 2618 873 2719 Περὶ
915 2621 1533 2716 ἐκκλησιαστικῶν
1584 2616 1771 2690 nihil
1816 2622 2010 2716 quod
2054 2621 2358 2694 scribam
2404 2611 2656 2716 habeo.

677 2722 949 2795 Verum
991 2721 1195 2795 brevi
1236 2721 1551 2794 fortassis
1584 2717 2092 2816 colloquemur.
2194 2709 2433 2792 Multa
2463 2720 2656 2790 enim

683 2952 857 3001 ram.
961 2923 1104 2997 Sed
1136 2921 1272 2995 hoc
1301 2923 1497 2995 alias.

878 3023 1158 3096 Amabo
1187 3040 1254 3097 te
1286 3023 1513 3096 scribe
1545 3015 1723 3094 mihi
1752 3022 2279 3119 quamprimum
2307 3020 2662 3120 quidquid

681 3125 956 3199 habetis
1012 3127 1100 3198 de
1162 3125 1354 3198 exitu
1404 3134 1787 3198 convenius
1825 3119 2158 3210 Suevae'cs',
2232 3117 2321 3196 de
2376 3123 2658 3216 negotio

699 3225 845 3301 W
835 3221 1362 3323 insuber-gensi
1370 3284 1391 3315 ,
1442 3253 1608 3298 nam
1648 3252 1727 3300 ea
1757 3251 1869 3299 res
1898 3221 2091 3300 haud
2121 3228 2340 3302 dubie
2371 3248 2661 3316 magnos

685 3347 918 3404 motus
960 3330 1340 3403 excitabit(
1423 3323 1672 3402 Sentio
1715 3323 2155 3404 adversarios
2189 3343 2474 3416 nostros
2511 3350 2665 3396 ma-
2721 3351 2722 3355 ¹

652 3435 811 3605 ‚gi
870 3429 1213 3542 quiddam
1272 3425 1538 3503 moliri.
1569 3425 1963 3548 uChristus
2005 3425 2252 3522 †nos‘'
2312 3428 2664 3522 respiciat.

795 3559 884 3605 ne
917 3525 1093 3607 vale.
1146 3529 1272 3605 20.
1304 3523 1619 3640 lanuaru
1659 3523 1880 3607 1534.

2049 3664 2099 3743 Ἰ·
2119 3656 2567 3754 Philippus.''

2253 4019 2264 4034 Ἰ
2343 4019 2460 4122 237.
2495 4048 2628 4117 las.

2314 4140 2658 4173 ἱ-ΙΙ-υΆἿΙ-σ

1245 4227 1539 4311 Ioach.
1604 4222 2113 4311 Camerario.

830 4406 999 4479 Epist.
1028 4404 1094 4461 ad
1126 4402 1403 4460 Camerar.
1445 4424 1499 4476 p.
1524 4403 1627 4458 215
1650 4422 1732 4475 sq.

695 3985 826 4120 No.
861 4041 1080 4121 1161.

713 4142 1057 4175 “d

704 4563 896 4640 Viro
941 4535 1219 4663 'optimo
1269 4554 1765 4630 Inachimo
1832 4553 2381 4634 Cameren-io
2430 4561 2676 4636 Bam-

635 4675 639 4680 ’
1201 4660 1539 4757 bergensi
1573 4659 1813 4731 amico
1854 4677 2172 4744 summ,

694 4792 778 4884 S·
810 4809 903 4886 D.
1000 4807 1158 4901 Ego
1185 4831 1393 4893 vero,
1434 4808 1535 4877 mi
1569 4800 1981 4893 Ioacba'me,
2029 4809 2109 4877 in
2139 4810 2480 4902 optimam
2512 4827 2676 4905 par-

1783 580 2689 678 rms'roLARuM
2785 580 3001 658 Lm.
3069 581 3198 654 v1.
3303 581 3574 661 1534.
3677 575 3690 650 ;

4486 559 4741 657 ‘700

2746 750 3082 821 afferunt:
3151 777 3299 822 non
3338 754 3532 822 enim
3559 755 3762 823 aliter
3789 755 3929 824 tuis
3962 755 4286 823 secundis
4316 769 4387 824 et
4413 754 4744 823 adversis

2700 945 2701 949 Ἰ
2746 854 2955 922 rebus
3004 877 3217 946 quam
3260 855 3435 923 meis
3481 854 3771 928 afficior.
3872 852 4013 925 Sed
4059 856 4138 923 in
4183 850 4296 923 his
4338 854 4548 925 malis
4591 848 4742 925 hoc

2746 947 2924 1022 mihi
2953 954 3204 1025 solatio
3240 968 3372 1041 est,
3440 957 3633 1050 quod
3672 954 3881 1025 video
3926 969 3994 1026 te
4024 980 4174 1026 non
4201 950 4437 1047 frangi
4464 955 4740 1042 animo,

2754 1054 2891 1123 imo
2934 1056 3146 1124 etiam
3195 1069 3350 1127 tuas
3394 1081 3503 1126 res
3546 1058 3873 1127 adversas
3903 1069 4277 1127 extenuare
4313 1058 4612 1127 collatas
4645 1059 4739 1127 ad

2750 1154 3052 1225 aliorum
3085 1155 3319 1226 tristes
3356 1181 3577 1231 casus.
3679 1154 3885 1226 Hanc
3918 1158 4143 1227 animi
4169 1158 4740 1229 moderationem

2750 1256 2951 1325 valde
2990 1257 3155 1341 tibi,
3222 1258 3321 1325 mi
3370 1250 3782 1344 ῙοασΙιίηιε,
3847 1260 4192 1348 gratulor:
4245 1260 4344 1329 sic
4385 1271 4495 1329 est
4541 1258 4739 1329 enim

2754 1358 3098 1449 profecto,
3172 1358 3445 1429 etiamsi
3491 1373 3559 1430 te
3603 1361 3878 1431 duriter
3920 1374 4190 1431 exercet
4235 1362 4566 1446 fortuna,
4630 1365 4749 1431 ta:

2754 1483 2913 1528 men
2946 1482 3094 1528 non
3124 1473 3351 1551 potest
3385 1462 3543 1552 plus
3578 1461 3657 1529 in
3700 1474 3770 1530 te
3819 1461 3994 1531 iuris
4038 1458 4343 1547 habere,
4406 1485 4624 1555 quam
4658 1460 4735 1532 in

2754 1555 3116 1628 hominem
3146 1562 3540 1651 privatum,
3590 1576 3660 1633 et
3686 1558 3822 1631 hoc
3850 1562 4139 1631 nomine
4170 1563 4451 1632 felicem
4469 1617 4490 1647 ‚
4543 1565 4739 1656 quod

2754 1659 2971 1730 nullis
3016 1661 3401 1752 implicitus
3451 1686 3525 1733 es
3580 1662 3929 1732 eiusmodi
3988 1662 4290 1753 negotiis
4346 1677 4473 1734 aut
4526 1663 4739 1749 curis,

2754 1785 2930 1854 quae
2974 1761 3126 1830 ullo
3180 1764 3390 1832 modo
3443 1759 3584 1856 τὴν
3634 1757 4061 1855 συνείδησιν
4102 1768 4530 1863 μαστιγοῦν
4575 1786 4737 1856 pos-

2754 1875 2939 1935 sunt.
3040 1860 3194 1932 Hac
3222 1864 3439 1932 velim
3469 1878 3539 1933 te
3569 1866 4052 1959 consolatione
4077 1879 4463 1962 sustentes·²
4518 1888 4739 1960 quam·

2754 1962 2815 2030 si
2846 1962 3364 2049 considerabis,
3412 1979 3492 2034 ut
3528 1978 3713 2036 certe
3747 1966 4213 2051 consideras‚·
4235 1981 4453 2058 spem·
4476 1959 4551 2044 t'e
4583 1983 4736 2050 cle,-

2754 2077 2899 2134 tera
2960 2065 3381 2156 aequissimo
3438 2067 3679 2142 animo
3744 2068 4089 2156 laturum,
4122 2089 4293 2139 esse.
4420 2064 4510 2136 In
4559 2061 4738 2137 hanc

2756 2165 3174 2234 sententiam
3205 2190 3333 2236 cur
3360 2161 3659 2265 scribam
3696 2158 3988 2237 brevius
4026 2158 4155 2239 καὶ
4198 2164 4738 2265 ἀσαφέστερον,

2754 2265 2963 2335 facile
2996 2277 3193 2356 potes
3226 2266 3659 2355 existimare,
3718 2291 3811 2339 ne
3846 2263 4019 2340 haec
4047 2267 4337 2365 quidem
4364 2269 4525 2342 sine
4544 2289 4743 2342 sum-

2756 2390 2874 2435 mo
2905 2365 3150 2437 dolore
3182 2368 3450 2460 scripsi.
4442 2366 4447 2372 ⁵

2956 2511 3407 2588 Pestilentiae
3454 2516 3721 2604 malum
3764 2516 4021 2588 abiisse
4078 2518 4597 2610 cognovimus,-
4654 2533 4747 2592 ω

2759 2618 2848 2688 de
2872 2607 3108 2688 reditu
3138 2629 3263 2688 tuo
3293 2615 3371 2692 in
3400 2618 3650 2688 urbem
3683 2618 3861 2711 quid
3892 2620 4260 2705 statuetis,
4312 2613 4499 2692 mihi
4523 2618 4755 2690 velim

2714 2808 2715 2812 Ἴ
2760 2715 3143 2806 significes,
3215 2709 3343 2790 καὶ
3383 2717 3446 2789 εἰ
3486 2709 3727 2800 θέλεις
3763 2715 3933 2816 παρ’
3981 2709 4166 2813 ἡμῖν
4210 2707 4501 2818 διάγειν
4542 2711 4744 2814 βίον.

683 2839 883 2911 ειιιιῑ,
943 2826 1032 2895 de
1081 2819 1342 2918 quibus
1381 2846 1661 2894 necesse
1702 2837 1807 2894 est
1860 2841 1974 2892 me
2019 2837 2250 2898 tecum
2292 2846 2493 2914 agere
2537 2846 2658 2892 oo-
2714 2821 2728 2831 ‘'

2760 2814 2856 2889 Et
2887 2818 2949 2887 si
2982 2832 3241 2904 autem,
3284 2832 3368 2890 ut
3398 2843 3639 2912 spero,
3699 2820 3901 2890 brevi
3938 2844 4175 2891 coram
4227 2821 4757 2915 colloquemur,

2760 2932 2843 2990 tn
2870 2931 3109 2990 tamen
3138 2917 3427 2990 interim
3456 2915 3729 3016 aliquid
3761 2914 4074 2992 scribito.
4174 2917 4371 2992 Novi
4396 2913 4591 2992 nihii
4614 2911 4750 2992 ha-

2762 3021 3042 3108 bemus,
3106 3019 3251 3092 nisi
3286 3019 3564 3093 fabulas
3606 3023 3694 3094 de
3739 3043 4115 3114 congressu
4148 3019 4350 3094 Galli
4388 3035 4463 3096 et
4504 3015 4759 3120 ἀρχα-ἐ

2763 3117 2979 3218 oscor,
3027 3145 3207 3218 quae
3236 3121 3371 3216 tihi
3403 3145 3550 3194 non
3584 3137 3879 3216 possunt
3908 3145 4054 3193 esse
4082 3124 4388 3218 ignotae.
4686 3143 4703 3190 .·

2969 3269 3282 3345 Maxime
3330 3272 3543 3365 cupio
3594 3272 3787 3344 scire·
3817 3272 4083 3343 exitum
4130 3281 4510 3352 convo-nas·
4552 3261 4759 3354 Suo-

2769 3367 2941 3444 viu’:
2994 3373 3103 3446 ·de
3140 3373 3423 3463 negotio
3457 3367 3865 3468 Alcime),
3910 3374 4122 3465 plane
4169 3374 4251 3444 in
4288 3397 4615 3460 cocum,
4668 3390 4757 3450 us

2767 3473 3107 3559 arbitrer,
3166 3498 3320 3548 eam
3348 3497 3534 3557 rem,
3597 3475 3739 3546 nisi
3761 3472 3957 3546 Deus
3985 3469 4393 3566 prohibeat,
4446 3475 4755 3548 univer-

2770 3599 2887 3646 sae
2930 3572 3357 3646 Germaniae
3403 3577 3777 3648 allamram
3822 3576 4288 3646 mutationem
4345 3576 4761 3650 maxima

2771 3675 2947 3747 Vidi
2996 3699 3229 3767 nuper
3277 3677 3555 3750 iuvenis
3608 3677 3807 3747 illius
3845 3678 4265 3768 imaginem,
4349 3691 4427 3749 et
4470 3671 4757 3756 videtur

2773 3800 2919 3848 esse
2952 3770 3233 3849 bonesti
3266 3778 3576 3868 ingenii,
3634 3802 3715 3848 ac
3757 3801 4011 3868 magna
4046 3779 4395 3869 gravitate
4562 3780 4761 3857 editi.

2774 3876 3068 3952 Utinam
3110 3875 3451 3960 Genesin
3515 3875 3778 3954 habere
3847 3901 4235 3970 possemus.
4308 3929 4313 3934 -
4442 3875 4759 3977 φρεά-

2773 4001 2940 4052 mus
2961 3977 3020 4074 ²)
3060 3973 3255 4064 lunc
3292 3981 3735 4052 occasionem
3775 3982 3963 4060 elabi
4007 3980 4151 4058 sibi
4191 4004 4345 4052 non
4389 3982 4611 4060 facile
4634 4007 4757 4075 pas

2733 4134 2734 4147 ,
2775 4081 3035 4170 tietur„
3086 4093 3160 4150 et
3185 4081 3565 4154 incendent
3590 4101 3755 4154 eum
3780 4080 4761 4203 Pontificis-oonspirationn,

2777 4179 3002 4254 sentio
3062 4181 3769 4275 exiam-asperiorum
3810 4184 3963 4264 ficri
4019 4177 4338 4268 ἐκεινὸν,
4422 4173 4497 4279 ᾧ
4538 4209 4757 4281 ποοσ-

2778 4275 3131 4378 εφῶνησα
3201 4280 3378 4366 τοὺς
3422 4278 3932 4381 Ῥιομαίουσ’).
4086 4279 4425 4358 Omnino
4484 4286 4757 4380 aliquid

2778 4384 3013 4476 parari
3041 4398 3310 4456 certum
3338 4398 3462 4459 est.
3536 4382 3731 4455 Bene
3759 4409 3839 4458 ac
3864 4386 4162 4458 feliciter
4185 4387 4381 4471 vale,
4430 4400 4509 4458 et.
4528 4387 4757 4466 fruere

2735 4539 2737 4548 .
2778 4484 3118 4576 suavitate
3170 4486 3481 4578 optimae
3532 4486 3837 4570 feminae
3879 4487 4199 4578 coniugis
4245 4499 4419 4564 tuae
4464 4511 4563 4561 sc
4604 4510 4761 4562 sus-

2737 4584 3231 4664 ,vissimomm
3300 4588 3696 4669 liberorum
3758 4589 4079 4666 feliciter.
4201 4581 4583 4661 Bucolica
4628 4603 4763 4666 -tnn

2779 4675 3073 4758 omuino
3115 4686 3371 4790 videre-
3402 4689 3755 4781 cupimus...
3794 4699 3809 4770 ,’
3834 4682 4147 4760 Galcno
4177 4690 4388 4762 valde
4427 4683 4765 4770 delector.

2778 4785 2895 4866 Tu
2916 4811 3227 4909 §quoque
3271 4789 3487 4860 velim
3526 4813 3690 4864 cum
3736 4790 4007 4864 incides
4044 4788 4127 4859 in
4168 4790 4366 4864 loeus
4428 4805 4765 4870 venus·

696 4927 841 4986 tem
884 4915 1117 5005 accepi
1162 4910 1911 5004 expostulatiunculam
1957 4907 2155 4980 illam
2199 4923 2438 4998 tuam,
2492 4938 2674 5007 quae
2733 4923 2742 4978 ,ι
2775 4911 2945 4983 71st
2966 4882 3341 4983 κράσεων,
3408 4904 3535 4964 aut
3556 4885 4139 4976 dsbumoribus,
4193 4886 4389 4962 mihi
4416 4915 4547 4968 eos
4576 4891 4765 4966 hat-

697 5011 835 5087 fuit
867 5012 948 5084 in
973 5010 1298 5084 breviore
1324 5009 1689 5104 epistolio,
1741 5012 1861 5081 sed
1890 5011 2072 5080 illud
2103 5012 2462 5099 dolebam,
2510 5038 2673 5085 sen-

687 5103 961 5188 'tiebam
1016 5114 1333 5184 animum
1380 5126 1585 5182 tuum
1627 5110 1786 5181 aliis
1836 5112 1926 5182 de
1966 5113 2177 5182 rebus
2218 5108 2675 5188 vehementer

700 5217 901 5307 angi,
964 5238 1258 5308 eamque
1301 5214 1398 5283 ob
1442 5235 1756 5283 caussam
1800 5213 1892 5282 de
1933 5227 2180 5284 nostro
2225 5215 2543 5303 silentio,
2587 5231 2674 5289 ut

701 5320 816 5404 fit,
879 5317 1081 5411 queri
1125 5314 1463 5407 asperius.
1561 5311 1771 5383 Nunc
1813 5336 1897 5382 ex
1937 5314 2279 5404 proximis
2308 5317 2452 5391 tuis
2481 5318 2678 5406 litter

698 5419 801 5490 ris
823 5411 1128 5515 Hopelii
1154 5428 1495 5499 mortem,
1558 5425 1628 5482 et
1663 5414 1802 5483 alia
1834 5417 2336 5506 quaedam-tua
2375 5409 2676 5491 &ulnera

703 5521 1038 5609 cognovi,
1116 5541 1296 5611 quae
1350 5511 1558 5586 mihi.
1589 5514 1904 5614 91·th
1961 5539 2296 5607 magnum
2355 5520 2673 5592 dolorem

775 5727 836 5797 η
873 5721 1073 5797 Spsnb.
1091 5720 1382 5778 mmdmz
1413 5733 1537 5778 ms.

2778 5012 2908 5061 ces.
3027 4988 3294 5074 Iterum
3354 4994 3533 5070 vale.
3665 4991 3797 5069 VI.
3840 4990 3992 5070 Cal.
4025 4989 4429 5066 Februarii.

2776 5087 2884 5167 M.
2901 5086 2993 5166 D.
3006 5089 3390 5164 xxxml.

4550 4990 4765 5072 Amo

3642 5241 3757 5276 ,ιΙΙῖ

2872 5345 2878 5378 Ι
2950 5315 2989 5326 ““
3122 5313 3135 5350 ?

2848 5517 3424 5594 „warenn-fin·
3478 5517 3701 5578 ow.
3750 5473 3815 5570 ἶ,
3918 5555 4009 5576 ,.

2846 5621 2911 5689 Ι)
2940 5620 3329 5694 landgravius.
3361 5558 3573 5678 CJW.

2851 5724 2917 5794 8)
2948 5722 3337 5797 Moenibus.
3370 5720 3436 5782 G.
3461 5718 3583 5780 W.
