5434 6717
262 536 341 614 etr
504 518 509 524 “
835 533 1273 613 nrtsrooannn
1327 532 1440 611 orn
1472 533 1521 611 v.
1570 532 1704 615 csso
2215 542 2294 621 ,sa

230 742 238 749 ·
262 709 385 792 liccat,
410 706 477 802 qni
495 718 639 799 putent,
663 718 700 778 et
712 699 923 778 Leldcrum
945 707 1050 779 aliter
1064 709 1172 779 inisse
1189 708 1253 777 ad-
1304 707 1369 800 qni
1390 707 1591 779 videbatur.
1642 705 1742 779 Haec
1755 707 1878 778 omnia
1897 708 1997 781 videt
2013 722 2077 783 tna
2090 712 2293 803 prodentia,

262 810 486 879 monitorum
507 804 772 878 Eccles'nsticos
790 832 931 902 nupero
958 810 1023 879 illo
1051 810 1193 893 libello,
1222 808 1252 876 si
1304 807 1587 895 rirdoctissime,
1609 832 1717 903 quam
1732 808 1804 881 late
1816 824 1971 901 pateant.
2020 806 2293 886 Adhocsbun-

263 910 434 980 scribenti
446 932 528 977 caro
542 904 637 977 nihil
649 910 706 979 sni
719 911 902 990 adllasset,
926 924 967 982 nt
987 912 1097 980 multa
1113 911 1184 980 alia
1200 924 1254 980 ta-
1304 910 1350 978 de
1367 924 1532 1000 erpertus
1552 932 1608 992 es,
1637 932 1745 1003 quam
1765 932 1893 1002 parum
1908 911 2049 1005 scriptis
2063 907 2233 985 hactenus
2245 916 2293 985 ad

262 1033 413 1093 sumus,
434 1011 581 1102 quaein
595 1033 637 1078 eo
654 1011 783 1080 etaliis
798 1011 873 1081 snis
888 1011 1029 1103 scriptis
1042 1012 1082 1081 in
1095 1035 1173 1093 nos,
1186 1010 1255 1080 snb
1303 1010 1557 1079 restituendam
1581 1010 1678 1079 inter
1697 1032 1764 1079 nos
1785 1011 2011 1081 concordiam
2031 1014 2294 1104 profecerimus,

261 1111 409 1180 nomine
429 1110 664 1180 fanaticorum
688 1108 1015 1195 ethaereticnrnm,
1039 1112 1254 1203 pheterve·
1303 1134 1385 1179 mm
1406 1106 1591 1206 colloquio
1614 1104 1938 1207 illoMnrpnrgico
1950 1113 2146 1207 quamlibet
2159 1116 2293 1187 tumul-

262 1234 342 1283 tum
357 1225 524 1303 torquere
542 1211 695 1285 videtur.
743 1209 857 1307 Atqui
869 1213 914 1281 de
926 1214 1057 1306 quibos
1070 1210 1152 1281 aliis
1166 1211 1255 1281 arti-
1303 1211 1420 1279 tuario
1443 1224 1479 1279 et
1495 1213 1620 1300 longe,
1647 1234 1756 1303 quam
1771 1214 1958 1302 oportebat
1972 1214 2012 1282 in
2026 1227 2126 1284 tanto
2138 1217 2294 1307 negotio,

263 1312 354 1383 udis
370 1325 511 1404 praeter
530 1336 607 1381 rem
625 1308 844 1406 Zwingls'ns
864 1308 933 1382 hoc
956 1336 1021 1381 suo
1042 1313 1174 1405 scripto
1195 1325 1254 1382 tn-
1303 1312 1478 1394 breviori,
1510 1311 1646 1404 aliquid
1669 1324 1790 1380 umen
1812 1313 2043 1384 dissensionis
2062 1315 2218 1406 positum
2236 1317 2294 1403 sit,

262 1413 470 1496 moltuetnr,
484 1436 559 1482 non
578 1413 751 1485 ridemus.
786 1412 878 1483 Nam
894 1408 987 1482 nihil
1006 1414 1134 1502 attigit,
1156 1414 1252 1508 qnod
1303 1425 1336 1480 et
1349 1412 1545 1504 reliquum,
1568 1425 1610 1480 ut
1624 1425 1746 1482 nostra
1767 1414 1835 1482 sert
1849 1414 2043 1499 sententia,
2064 1415 2220 1507 positum
2234 1418 2295 1487 in-

263 1532 339 1583 non
352 1527 455 1583 antea
470 1514 576 1585 editis
588 1514 691 1583 libris
705 1515 805 1583 orbis
819 1514 952 1584 iudicio
966 1514 1148 1586 obtulerit.
1199 1510 1251 1581 Ea
1303 1513 1412 1580 dubie
1425 1512 1564 1593 luisset,
1590 1512 1620 1579 si
1644 1511 1799 1582 limisset
1819 1513 1949 1584 alteros
1962 1514 2083 1585 alteris
2095 1539 2197 1586 suam
2210 1540 2294 1587 sen·

261 1616 391 1699 modo,
420 1638 503 1685 cnm
516 1629 616 1687 tanto
633 1610 851 1684 Menarchus
867 1614 906 1682 in
921 1615 1097 1707 praesenti
1114 1609 1252 1685 theatro
1303 1613 1451 1681 tentiam
1465 1613 1595 1682 certius
1611 1625 1646 1681 et
1660 1613 1852 1682 dilucidius
1866 1638 2052 1704 exponere.
2102 1614 2295 1689 Perturba-

262 1714 347 1783 fidei
359 1717 539 1786 reddenda
554 1716 646 1786 ratio
657 1715 737 1798 luit,
751 1715 999 1799 dissimulasse,
1020 1715 1107 1808 quid
1124 1737 1252 1809 quaeso
1303 1712 1349 1781 tis
1363 1713 1414 1781 sic
1429 1712 1560 1781 animis
1575 1735 1657 1781 raro
1673 1714 1709 1780 id
1724 1712 1854 1802 legitur
1869 1717 1967 1808 quod
1982 1717 2169 1802 scribitur,
2193 1734 2239 1799 et,
2263 1720 2294 1790 si

262 1816 361 1886 aliud
373 1841 480 1909 qnam
496 1817 609 1885 malae
625 1839 662 1884 se
676 1817 795 1906 ipsum
804 1816 1038 1886 conscientiae
1051 1816 1255 1885 insimulas·
1305 1815 1374 1902 legi
1393 1814 1594 1903 contingat,
1620 1812 1695 1881 iere
1715 1813 1786 1881 alio
1809 1837 1918 1906 qoam
1935 1816 2295 1985 spinterpretstione

261 1930 335 1999 set,
367 1929 403 1985 et
426 1911 546 1986 hostes
564 1917 611 1984 ad
631 1918 914 2010 persequendum
941 1918 1037 1986 ultro
1060 1917 1253 2005 fugientem
1304 1915 1528 1983 incommoda
1549 1914 1698 2004 rapitur.
1758 1910 1815 1982 De
1836 1915 1906 1983 lide
1927 1919 2089 2012 arbquin
2106 1933 2167 1989 tna
2182 1920 2221 1989 in
2236 1943 2296 1992 as·

261 2017 480 2086 animasset?
520 2014 636 2086 Nobis
662 2018 821 2109 proiecto
847 2017 1009 2099 videtur,
1041 2018 1071 2085 si
1093 2041 1253 2110 unquam
1304 2016 1487 2083 servandis
1506 2015 1619 2084 literis
1642 2009 1735 2083 nihil
1757 2014 1979 2101 dubitamus,
2014 2043 2228 2113 quamquam
2250 2044 2294 2092 eo

259 2117 404 2185 fortiter
422 2128 457 2185 et
479 2116 633 2206 ingenue
654 2118 835 2186 veritatem
860 2118 1099 2200 adsentimus,
1131 2114 1254 2187 hocin
1303 2139 1447 2210 quoqne
1468 2115 1709 2207 periculorum
1730 2138 1797 2183 nos
1822 2116 1917 2206 ipsos
1938 2118 2077 2209 pridem
2098 2121 2145 2191 ob
2159 2117 2296 2193 Christi

259 2215 564 2308 praesentiarum,
595 2241 677 2286 cum
691 2216 850 2286 iudicare
866 2217 965 2285 illam
981 2220 1137 2288 mundus
1151 2218 1254 2287 insti·
1304 2239 1454 2301 nomen,
1478 2229 1520 2285 ut
1544 2238 1612 2284 nos
1633 2216 1779 2308 quidem
1801 2217 1907 2285 nobis
1921 2220 2206 2305 consensimus,
2230 2224 2296 2291 ad-

260 2316 344 2397 tuit,
367 2317 554 2406 praecipue
571 2317 773 2385 iaciendum
788 2340 872 2385 esse.
923 2315 975 2387 lta
992 2341 1077 2387 sane
1093 2320 1254 2387 solebant
1304 2317 1488 2399 duximus,
1518 2329 1562 2384 ut
1574 2311 1670 2384 band
1682 2316 1885 2400 rideamus,
1916 2318 2003 2411 quid
2020 2319 2092 2390 illis
2105 2336 2213 2414 queat
2230 2325 2296 2393 ad-

261 2412 441 2508 Martyrcs
462 2416 580 2506 prisci.
640 2414 786 2487 Utinam
809 2441 894 2486 vero
916 2442 1023 2511 quam
1044 2419 1150 2510 paulo
1172 2433 1254 2488 ante
1304 2417 1377 2489 ilci.
1435 2415 1490 2486 Ne
1503 2418 1645 2486 dubites
1665 2429 1800 2501 autern,
1831 2430 1867 2487 et
1886 2419 1953 2487 tibi
1975 2442 2041 2489 nos
2054 2423 2296 2514 praestituros,

263 2516 444 2607 coepimus
458 2517 621 2585 meditari
636 2518 866 2602 modestiam,
890 2518 995 2588 initio
1019 2535 1054 2590 ct
1067 2541 1253 2611 progressu
1304 2530 1343 2588 ut
1365 2517 1584 2610 colloquium
1609 2541 1683 2586 non
1702 2517 1824 2587 minus
1846 2519 1979 2613 absque
2000 2521 2126 2592 frattde
2148 2538 2208 2594 tua
2228 2519 2294 2594 ha·

264 2612 372 2687 huius
387 2617 519 2704 ne'gotii
535 2618 839 2708 praestitissemns,
863 2642 929 2688 nec
942 2621 1031 2689 adeo
1043 2620 1254 2691 tumultuari
1304 2620 1407 2702 beas,
1431 2642 1538 2711 quam
1553 2630 1659 2711 queat
1673 2617 1807 2711 absque
1821 2633 1943 2689 nostra
1958 2620 2016 2711 agi
2032 2622 2156 2696 literis.
2195 2622 2295 2696 stut-

263 2717 470 2810 paradoxis,
499 2718 529 2785 si
552 2742 626 2786 non
649 2731 790 2805 contra,
823 2730 916 2788 certe
935 2735 1075 2812 practer
1096 2737 1253 2791 nostram
1304 2733 1423 2788 tortam
1436 2718 1614 2812 siquidem
1628 2713 1816 2787 hominum
1830 2722 2056 2791 rumusculos
2070 2736 2297 2796 contemnere

263 2817 518 2913 professionem
550 2816 721 2891 libuisset.
795 2817 846 2890 At
876 2844 962 2892 vero
992 2824 1090 2914 quod
1119 2823 1255 2905 scribis,
1304 2821 1421 2901 dccet,
1457 2842 1538 2888 cum
1560 2819 1715 2908 elingere
1735 2842 1809 2890 non
1839 2819 1958 2903 liceat,
1998 2847 2210 2919 quocunqne
2233 2827 2298 2896 de-

265 2912 500 3013 Zwiaglt'nm
524 2920 622 2988 nolle
649 2919 765 2990 videri
779 2921 898 2991 verbis
920 2934 1058 2993 tantum
1074 2923 1255 3007 dissidere,
1303 2944 1402 2990 mom
1423 2921 1564 2990 ratione
1585 2942 1643 2989 res
1656 2919 1873 2989 instituatur.
1934 2919 2002 2991 Vir
2017 2945 2133 3015 nuper
2146 2927 2193 2994 ad
2208 2927 2296 2997 alte·

263 3019 432 3104 fatemur,
461 3021 524 3088 sed
537 3044 620 3089 cnm
633 3020 695 3105 iis,
718 3020 782 3114 qui
803 3022 953 3092 crassius
967 3047 1074 3116 quam
1090 3037 1128 3093 tu
1141 3024 1254 3093 lacere
1303 3044 1381 3090 ram
1409 3013 1536 3089 horam
1556 3044 1638 3090 cum
1660 3014 1818 3088 Brenttb
1848 3022 1894 3090 de
1917 3024 2106 3095 concordia
2128 3026 2296 3099 collocuti

264 3120 370 3193 nobis
384 3121 536 3200 videris,
560 3116 697 3192 Christi
715 3145 844 3215 corpus
858 3123 914 3192 vel
930 3125 1017 3216 pani
1032 3125 1175 3209 uniunt,
1197 3125 1254 3194 vel
1304 3143 1444 3206 sumus,
1475 3133 1510 3189 et
1524 3145 1567 3190 eo
1591 3121 1709 3190 stetim
1723 3121 1783 3189 die
1795 3143 1945 3211 magnus
1958 3123 2104 3217 quidam
2125 3127 2297 3216 gloriatus¹

264 3216 446 3315 in'panem
463 3221 649 3295 collocant.
688 3219 809 3314 Ipsum
823 3238 942 3294 autem
959 3238 1171 3296 servatorem
1185 3250 1255 3295 no·
1305 3236 1376 3306 est,
1399 3244 1466 3291 nos
1477 3216 1549 3291 huc
1559 3222 1717 3306 venisse,
1740 3233 2025 3298 utrecantemus.
2082 3222 2225 3298 Christo
2241 3228 2298 3297 ri-

264 3334 380 3393 strnm
398 3334 585 3407 testeum,
616 3344 683 3392 nos
704 3323 800 3393 inter
815 3322 893 3393 eins
909 3323 948 3393 in
962 3349 1071 3395 coena
1088 3348 1254 3418 praesen·
1304 3323 1442 3406 rimus,
1470 3323 1529 3391 cui
1549 3344 1655 3392 nemo
1678 3323 1785 3392 verba
1807 3323 1923 3409 dabit;
1954 3338 2030 3394 tum
2046 3326 2153 3396 bouis
2165 3330 2297 3400 ‹lunta-

264 3422 373 3507 tism,
409 3446 514 3517 mam
542 3421 604 3491 ille
627 3434 787 3493 constare
810 3423 933 3494 scribit
957 3426 1254 3519 contemplatione
1304 3437 1364 3493 rat
1381 3423 1710 3515 pmbaricupimus
1762 3419 1838 3492 lam
1852 3418 1917 3493 hos
1935 3427 1991 3494 vel
2008 3449 2122 3517 nugae
2136 3428 2225 3500 istae
2239 3430 2298 3500 ni·

262 3524 366 3608 odei,
395 3536 432 3594 ct
451 3524 664 3593 vos-realem
686 3524 830 3618 quidem
845 3527 905 3594 sed
924 3550 998 3596 non
1014 3528 1161 3597 localem
1182 3542 1254 3599 sta-
1303 3520 1357 3593 hil
1373 3539 1538 3608 movent,
1572 3526 1630 3593 rel
1651 3524 1681 3592 si
1698 3523 1906 3615 praestringi
1921 3525 1993 3596 illis
2008 3528 2132 3599 oculos
2147 3532 2192 3599 ad
2205 3544 2298 3601 tem-

262 3625 383 3710 coitis,
412 3636 476 3694 ant
495 3625 636 3695 nullum
659 3639 721 3696 aut
746 3640 839 3696 certe
861 3641 1048 3717 pertenue,
1087 3630 1254 3724 quodque
1302 3648 1370 3717 pus
1384 3625 1582 3714 contingat,
1612 3627 1743 3695 veritas
1760 3624 1861 3694 brevi
1876 3626 2076 3697 istiusmodi
2091 3631 2210 3700 fumos
2223 3633 2298 3701 dis-

264 3727 352 3799 tlum
364 3725 549 3820 quaeritur
562 3738 756 3810 evanescat,
770 3727 961 3797 discrimen
976 3753 1130 3808 cernere.
1154 3728 1254 3799 Lon-
1303 3725 1440 3818 pellens
1462 3748 1604 3794 rursum
1626 3727 1671 3793 ad
1693 3748 1731 3794 se
1745 3738 1898 3799 revocat.
1957 3725 2173 3800 lnsolentem
2188 3728 2298 3802 Chri·

265 3827 343 3921 qius
364 3827 485 3897 abesse
506 3851 527 3897 a
549 3825 675 3910 nobis,
713 3828 758 3896 dc
785 3827 932 3898 veritate
960 3824 1192 3899 humanitatis
1215 3828 1253 3898 io
1303 3827 1459 3930 stiqnum
1486 3848 1560 3894 esse
1583 3838 1740 3919 oportet,
1779 3848 1887 3918 quesn
1919 3826 1984 3897 ista
2009 3830 2055 3899 ab
2080 3829 2297 3924 inquirenda

263 3920 418 4012 Giton,
441 3926 559 3998 videri
575 3926 715 4021 possitis
728 3951 808 3996 cum
822 3950 864 3996 ex
876 3928 1037 4020 proximo
1051 3912 1254 4000 illo'Brm-
1303 3948 1389 4018 pace
1415 3925 1596 4018 saluteque
1617 3927 1766 3995 fratrum
1788 3942 2023 3999 remorentur.
2088 3927 2245 4002 Proinde
2261 3947 2297 4005 te

265 4025 314 4099 tn·
324 4028 523 4121 colloquio,
553 4041 631 4098 tum
652 4050 694 4098 er
716 4027 928 4121 quibusdam
942 4030 1099 4099 eiusdem
1116 4045 1151 4102 et
1164 4031 1254 4102 alio-
1304 4050 1369 4118 per
1382 4021 1566 4095 Christum
1581 4049 1743 4110 oramus,
1773 4026 1845 4095 nisi
1861 4051 2005 4099 omnem
2017 4031 2063 4099 de
2078 4031 2184 4101 nobis
2196 4056 2297 4125 spem

264 4148 346 4200 mm
370 4129 520 4221 scriptis.
578 4126 713 4198 Verum
737 4128 767 4197 si
787 4128 869 4222 quis
884 4143 919 4200 et
938 4125 996 4199 his
1008 4132 1153 4201 remotis
1167 4133 1255 4201 alie-
1305 4127 1554 4218 desponderis,
1587 4126 1642 4197 tui
1660 4128 1703 4196 ad
1722 4126 1942 4221 colloquium
1958 4130 2095 4221 copiam
2117 4133 2222 4203 nobis
2241 4135 2297 4205 la-

263 4230 382 4302 ctibus
404 4254 560 4325 veroque
587 4229 684 4321 pacis
712 4229 830 4300 studio
853 4243 1088 4324 utrorumque
1113 4246 1255 4302 senten-
1305 4251 1383 4297 cere
1398 4227 1568 4319 digneris.
1627 4225 1821 4298 Veniemus
1839 4253 1911 4322 quo
1926 4242 1961 4299 et
1975 4233 2119 4323 quande
2135 4248 2173 4304 tu
2187 4236 2296 4321 voles,

263 4331 354 4403 tino
369 4331 539 4417 excutiat,
563 4331 820 4422 dispereamus,
844 4330 876 4400 si
891 4332 997 4401 aliam
1013 4327 1254 4424 deprehenso·
1304 4352 1345 4398 ac
1364 4352 1424 4397 cos
1447 4352 1512 4398 nos
1535 4330 1807 4419 praestabimus,
1832 4331 1877 4398 de
1893 4331 2026 4424 quibus
2045 4327 2296 4407 nihildubita·

265 4452 328 4523 rus
342 4430 388 4503 sit
399 4431 696 4515 controversiam,
723 4455 831 4526 qoam
852 4435 949 4527 qnod
962 4434 1144 4504 conveniri
1161 4458 1255 4505 non·
1304 4441 1405 4498 turus
1420 4429 1486 4511 sis,
1510 4425 1643 4499 Christi
1659 4430 1807 4519 gloriam
1824 4454 1865 4498 ex
1883 4431 2002 4500 animo
2017 4457 2207 4525 quaerere,
2231 4436 2296 4507 ah·

265 4530 356 4603 dum
374 4533 491 4625 potnit
511 4536 557 4604 de
576 4531 713 4618 verbis,
746 4532 877 4627 quibus
890 4529 958 4604 hoc
971 4536 1177 4631 mysterium
1193 4547 1252 4606 ex.
1305 4552 1448 4623 esseque
1472 4529 1577 4619 longe
1593 4530 1638 4600 ab
1662 4531 1759 4599 omni
1773 4525 1838 4600 hac
1852 4529 1892 4599 in
1911 4554 2014 4601 eausa
2029 4534 2110 4604 luco
2126 4537 2294 4608 fraudere

264 4636 473 4729 ponendum
487 4636 545 4705 sit.
770 4632 773 4641 '
1304 4629 1474 4722 proderit.
1537 4627 1581 4699 ln
1608 4630 1746 4724 reliqua
1774 4631 1867 4714 vita,
1903 4633 2097 4725 quamlibet
2121 4637 2196 4706 veri
2220 4661 2294 4709 esse

263 4760 268 4766 ·
351 4733 443 4825 Qui
462 4758 614 4830 namque
633 4736 750 4819 heret,
786 4748 828 4807 nt
852 4735 961 4807 tantis
985 4735 1025 4805 in
1049 4736 1156 4807 rebus
1178 4760 1253 4807 non
1302 4731 1524 4814 studeamus,
1556 4730 1594 4803 id
1616 4732 1720 4801 nohis
1743 4731 1939 4814 usuvenit,
1972 4736 2068 4825 quod
2085 4730 2294 4823 hominibus

263 4836 362 4907 idem
377 4836 567 4922 sentirent,
592 4861 681 4933 quos
696 4838 791 4908 idem
806 4838 909 4923 docet
923 4836 1065 4931 agitque
1076 4836 1255 4928 Spiritus?
1303 4833 1414 4915 solet,
1446 4843 1488 4900 ut
1502 4832 1606 4902 etiam
1621 4856 1687 4903 nos
1709 4832 1802 4923 ipsos
1822 4854 1925 4922 saepe
1936 4833 2111 4911 fallamus.
2163 4836 2241 4910 Hac
2253 4840 2294 4911 in

262 4934 321 5009 lte
333 4950 369 5008 te
382 4938 522 5009 nullum
535 4939 640 5010 nobis
653 4938 804 5010 dubium
819 4950 881 5023 est,
906 4962 987 5009 cum
1002 4938 1092 5008 tanti
1108 4936 1254 5009 Petrum
1305 4957 1343 5002 re
1365 4945 1501 5016 autem,
1532 4944 1568 5003 ct
1583 4934 1623 5003 in
1645 4933 1746 5003 omni
1768 4933 1909 5023 negotio
1931 4936 2113 5008 doctrinae
2128 4934 2293 5013 christia·

265 5039 529 5125 macritatem,
553 5040 747 5135 etquidem
762 5038 899 5123 merito,
922 5038 1039 5124 iacias,
1065 5041 1109 5109 ad
1124 5036 1254 5110 borum
1304 5056 1371 5102 nae
1395 5033 1445 5101 sic
1467 5056 1533 5104 nos
1550 5035 1779 5117 excussimus,
1814 5045 1855 5104 ut
1876 5035 2032 5105 deierare
2051 5038 2172 5125 liceat,
2198 5037 2292 5111 nihil

265 5138 438 5234 loquendi
458 5143 632 5226 sennam,
663 5142 694 5210 si
717 5143 761 5211 de
776 5141 844 5211 isto
864 5139 933 5211 tibi
952 5141 1119 5234 mysterio
1144 5142 1255 5211 disse-
1304 5134 1403 5204 aliud
1420 5155 1605 5227 nosquam
1622 5131 1757 5205 Christi
1771 5134 1899 5226 placita
1915 5146 2093 5229 quaerere.
2145 5140 2293 5229 Scribis,

265 5242 420 5313 rendnm
439 5243 504 5325 sit,
546 5241 693 5334 propius
718 5241 891 5315 accedere.
954 5237 1029 5311 Nec
1050 5233 1254 5320 Lethertes,
1304 5248 1338 5305 te
1354 5235 1431 5304 sine
1446 5234 1521 5303 ulla
1534 5236 1722 5307 acerbitate
1735 5237 1846 5306 animi
1862 5237 2067 5325 dissentire;
2091 5243 2208 5322 credo,
2232 5236 2292 5315 hic

266 5341 562 5436 saueMarpurgi,
584 5344 634 5416 ita
648 5345 886 5428 considerate,
909 5355 952 5413 nt
967 5341 1112 5436 quidem
1122 5338 1173 5437 ¹),
1198 5345 1254 5414 lo.
1303 5331 1397 5405 nihil
1412 5334 1478 5405 tibi
1493 5336 1660 5407 cedimus.
1712 5332 1839 5423 Addis,
1857 5350 1890 5407 te
1905 5332 1999 5407 nihil
2011 5332 2070 5409 bic
2086 5338 2207 5413 contra
2225 5368 2292 5416 nos

1304 5438 1433 5527 egisse3
1468 5461 1533 5508 nos
1554 5433 1663 5508 ethic
1682 5452 1716 5509 et
1740 5439 1827 5508 alibi
1843 5463 1906 5507 vos
1928 5452 1962 5509 et
1976 5452 2091 5511 vestre
2105 5442 2212 5514 etiam
2227 5448 2291 5516 de·

266 5506 497 5525 „—

295 5590 453 5665 middle
465 5590 509 5646 bic
523 5590 656 5659 verbnm,
674 5599 783 5664 autpro
797 5591 911 5658 quedem
924 5588 1121 5664 est'leqendum
1133 5595 1254 5659 prtiiem,
1303 5537 1502 5620 studim&
1533 5561 1693 5657 ‘iifaeque
1714 5540 1902 5659 defendere
1924 5563 2000 5660 ⁰9¹¹
2016 5540 2099 5614 litei
2120 5545 2177 5615 vel
2198 5559 2291 5618 iili?-

265 5682 272 5697 ·
335 5659 650 5734 quotvedsottltnm
666 5671 716 5714 eo
1066 5664 1070 5673 ·
1304 5662 1404 5721 rous,
1428 5639 1486 5710 vel
1503 5641 1656 5712 lenimus
1676 5664 1816 5728 omma,
1839 5662 1985 5736 quaem
1997 5644 2292 5727 cerulea-admo.

1397 5740 1492 5814 16*
