<?xml version="1.0" encoding="UTF-8"?>
<!DOCTYPE html PUBLIC "-//W3C//DTD XHTML 1.0 Transitional//EN"
    "http://www.w3.org/TR/xhtml1/DTD/xhtml1-transitional.dtd">
<html xmlns="http://www.w3.org/1999/xhtml" xml:lang="en" lang="en">
 <head>
  <title>
</title>
<meta http-equiv="Content-Type" content="text/html;charset=utf-8" />
  <meta name='ocr-system' content='tesseract 3.04.00' />
  <meta name='ocr-capabilities' content='ocr_page ocr_carea ocr_par ocr_line ocrx_word'/>
</head>
<body>
  <div class='ocr_page' id='page_1' title='image "./philippimelanth17melagoog_0014.png"; bbox 0 0 5434 6717; ppageno 0'>
   <div class='ocr_carea' id='block_1_1' title="bbox 220 504 2264 2069">
    <p class='ocr_par' dir='ltr' id='par_1_1' title="bbox 220 504 2264 2006">
     <span class='ocr_line' id='line_1_1' title="bbox 248 504 1660 619; baseline 0.001 -36"><span class='ocrx_word' id='word_1_1' title='bbox 248 530 278 583; x_wconf 91' lang='grc' dir='ltr'><strong>ιι</strong></span> <span class='ocrx_word' id='word_1_2' title='bbox 485 606 493 619; x_wconf 18' lang='grc' dir='ltr'><strong><em>ἡ</em></strong></span> <span class='ocrx_word' id='word_1_3' title='bbox 666 573 669 578; x_wconf 92' lang='grc'><strong>.</strong></span> <span class='ocrx_word' id='word_1_4' title='bbox 812 505 1083 584; x_wconf 86' lang='lat' dir='ltr'><strong>ANNALES</strong></span> <span class='ocrx_word' id='word_1_5' title='bbox 1121 504 1308 581; x_wconf 83' lang='lat' dir='ltr'><strong>VITAE</strong></span> <span class='ocrx_word' id='word_1_6' title='bbox 1345 507 1475 585; x_wconf 82' lang='lat' dir='ltr'><strong>MEI.</strong></span> <span class='ocrx_word' id='word_1_7' title='bbox 1531 509 1660 586; x_wconf 77' lang='lat'><strong>1530.</strong></span> 
     </span>
     <span class='ocr_line' id='line_1_2' title="bbox 247 635 2259 797; baseline 0.005 -49.068"><span class='ocrx_word' id='word_1_8' title='bbox 247 635 331 797; x_wconf 54' lang='grc' dir='ltr'><strong>Ιὲἒ</strong></span> <span class='ocrx_word' id='word_1_9' title='bbox 364 686 541 751; x_wconf 83' lang='grc' dir='ltr'>11ι1ιιιι1ιοιι</span> <span class='ocrx_word' id='word_1_10' title='bbox 556 692 651 753; x_wconf 88' lang='grc' dir='ltr'>ιιιιι1ιι</span> <span class='ocrx_word' id='word_1_11' title='bbox 663 691 804 750; x_wconf 91' lang='lat' dir='ltr'><strong>mutatin</strong></span> <span class='ocrx_word' id='word_1_12' title='bbox 820 687 1018 752; x_wconf 87' lang='lat' dir='ltr'><strong>confessione.</strong></span> <span class='ocrx_word' id='word_1_13' title='bbox 1043 725 1094 741; x_wconf 93' lang='lat'><em>-</em></span> <span class='ocrx_word' id='word_1_14' title='bbox 1143 687 1290 752; x_wconf 78' lang='lat' dir='ltr'>Hortatur</span> <span class='ocrx_word' id='word_1_15' title='bbox 1301 645 1493 769; x_wconf 84' lang='lat' dir='ltr'><strong>Lutherum,</strong></span> <span class='ocrx_word' id='word_1_16' title='bbox 1527 703 1562 753; x_wconf 92' lang='lat' dir='ltr'><strong>ut</strong></span> <span class='ocrx_word' id='word_1_17' title='bbox 1577 684 1803 776; x_wconf 82' lang='lat' dir='ltr'><strong>Landgrerium</strong></span> <span class='ocrx_word' id='word_1_18' title='bbox 1822 694 1945 760; x_wconf 89' lang='lat' dir='ltr'><strong>Hassiae</strong></span> <span class='ocrx_word' id='word_1_19' title='bbox 1967 709 2106 776; x_wconf 83' lang='lat' dir='ltr'><strong>moneat,</strong></span> <span class='ocrx_word' id='word_1_20' title='bbox 2139 702 2204 760; x_wconf 90' lang='lat' dir='ltr'><strong>ut</strong></span> <span class='ocrx_word' id='word_1_21' title='bbox 2195 721 2259 781; x_wconf 79' lang='lat' dir='ltr'><strong>rpse</strong></span> 
     </span>
     <span class='ocr_line' id='line_1_3' title="bbox 220 791 920 876; baseline 0 -25"><span class='ocrx_word' id='word_1_22' title='bbox 220 871 222 874; x_wconf 16' lang='grc' dir='ltr'>Ι</span> <span class='ocrx_word' id='word_1_23' title='bbox 414 813 536 876; x_wconf 89' lang='lat' dir='ltr'><strong>quoque</strong></span> <span class='ocrx_word' id='word_1_24' title='bbox 550 791 733 854; x_wconf 83' lang='lat' dir='ltr'><strong>confessioni</strong></span> <span class='ocrx_word' id='word_1_25' title='bbox 747 793 920 854; x_wconf 72' lang='lat' dir='ltr'><strong>subscribat.</strong></span> 
     </span>
     <span class='ocr_line' id='line_1_4' title="bbox 274 857 2264 986; baseline 0.006 -32"><span class='ocrx_word' id='word_1_26' title='bbox 274 896 332 963; x_wconf 85' lang='grc'><strong>24.</strong></span> <span class='ocrx_word' id='word_1_27' title='bbox 363 887 530 974; x_wconf 78' lang='lat' dir='ltr'><strong>Georgius,</strong></span> <span class='ocrx_word' id='word_1_28' title='bbox 554 892 689 956; x_wconf 85' lang='lat' dir='ltr'><strong>Marohio</strong></span> <span class='ocrx_word' id='word_1_29' title='bbox 704 892 884 972; x_wconf 65' lang='lat' dir='ltr'><strong>Onolsbec„</strong></span> <span class='ocrx_word' id='word_1_30' title='bbox 914 857 1119 976; x_wconf 63' lang='lat' dir='ltr'><strong>lugnstam</strong></span> <span class='ocrx_word' id='word_1_31' title='bbox 1109 905 1209 969; x_wconf 87' lang='lat' dir='ltr'><strong>rntrat.</strong></span> <span class='ocrx_word' id='word_1_32' title='bbox 1236 930 1288 946; x_wconf 94' lang='lat'><em>-</em></span> <span class='ocrx_word' id='word_1_33' title='bbox 1336 891 1507 974; x_wconf 90' lang='lat' dir='ltr'><strong>Pontanus,</strong></span> <span class='ocrx_word' id='word_1_34' title='bbox 1540 902 1732 961; x_wconf 87' lang='lat' dir='ltr'><strong>cancellarius</strong></span> <span class='ocrx_word' id='word_1_35' title='bbox 1747 896 1839 978; x_wconf 89' lang='lat' dir='ltr'><strong>Sax.,</strong></span> <span class='ocrx_word' id='word_1_36' title='bbox 1867 901 2087 963; x_wconf 88' lang='lat' dir='ltr'><strong>confessionem</strong></span> <span class='ocrx_word' id='word_1_37' title='bbox 2110 923 2264 986; x_wconf 84' lang='lat' dir='ltr'><strong>recogno-·</strong></span> 
     </span>
     <span class='ocr_line' id='line_1_5' title="bbox 413 994 2258 1086; baseline 0.006 -30"><span class='ocrx_word' id='word_1_38' title='bbox 413 1001 468 1056; x_wconf 90' lang='lat' dir='ltr'><strong>soit</strong></span> <span class='ocrx_word' id='word_1_39' title='bbox 488 1010 518 1057; x_wconf 89' lang='lat' dir='ltr'><strong>et</strong></span> <span class='ocrx_word' id='word_1_40' title='bbox 542 999 700 1058; x_wconf 76' lang='lat' dir='ltr'><strong>elaborat</strong></span> <span class='ocrx_word' id='word_1_41' title='bbox 691 1020 724 1058; x_wconf 81' lang='lat' dir='ltr'><strong>tn</strong></span> <span class='ocrx_word' id='word_1_42' title='bbox 744 996 905 1058; x_wconf 91' lang='lat' dir='ltr'><strong>formando</strong></span> <span class='ocrx_word' id='word_1_43' title='bbox 929 1001 1052 1077; x_wconf 85' lang='lat' dir='ltr'><strong>epilogo</strong></span> <span class='ocrx_word' id='word_1_44' title='bbox 1075 1005 1106 1055; x_wconf 90' lang='lat' dir='ltr'><strong>et</strong></span> <span class='ocrx_word' id='word_1_45' title='bbox 1129 1000 1267 1077; x_wconf 87' lang='lat' dir='ltr'><strong>prologo.</strong></span> <span class='ocrx_word' id='word_1_46' title='bbox 1295 1027 1345 1044; x_wconf 89' lang='lat'><em>-</em></span> <span class='ocrx_word' id='word_1_47' title='bbox 1397 994 1503 1074; x_wconf 81' lang='lat' dir='ltr'><strong>Caesar</strong></span> <span class='ocrx_word' id='word_1_48' title='bbox 1516 1021 1569 1080; x_wconf 91' lang='lat' dir='ltr'><strong>per</strong></span> <span class='ocrx_word' id='word_1_49' title='bbox 1584 1005 1697 1083; x_wconf 86' lang='lat' dir='ltr'><strong>legatos</strong></span> <span class='ocrx_word' id='word_1_50' title='bbox 1712 1008 1844 1086; x_wconf 89' lang='lat' dir='ltr'><strong>postulat</strong></span> <span class='ocrx_word' id='word_1_51' title='bbox 1858 1025 1877 1064; x_wconf 94' lang='lat' dir='ltr'><strong>a</strong></span> <span class='ocrx_word' id='word_1_52' title='bbox 1892 1001 1979 1065; x_wconf 84' lang='lat' dir='ltr'><strong>Duce</strong></span> <span class='ocrx_word' id='word_1_53' title='bbox 1996 1002 2069 1068; x_wconf 86' lang='lat' dir='ltr'><strong>Sex.</strong></span> <span class='ocrx_word' id='word_1_54' title='bbox 2083 1001 2197 1084; x_wconf 88' lang='lat' dir='ltr'><strong>Elect.,</strong></span> <span class='ocrx_word' id='word_1_55' title='bbox 2223 1019 2258 1067; x_wconf 90' lang='grc' dir='ltr'><strong>ιιι</strong></span> 
     </span>
     <span class='ocr_line' id='line_1_6' title="bbox 379 1097 2257 1189; baseline 0.005 -31"><span class='ocrx_word' id='word_1_56' title='bbox 379 1126 391 1153; x_wconf 70' lang='lat' dir='ltr'><strong>r</strong></span> <span class='ocrx_word' id='word_1_57' title='bbox 413 1100 510 1162; x_wconf 85' lang='lat' dir='ltr'><strong>edicto</strong></span> <span class='ocrx_word' id='word_1_58' title='bbox 525 1097 747 1163; x_wconf 84' lang='lat' dir='ltr'><strong>Wormatiensi</strong></span> <span class='ocrx_word' id='word_1_59' title='bbox 762 1102 993 1181; x_wconf 86' lang='lat' dir='ltr'><strong>obtemperetur,</strong></span> <span class='ocrx_word' id='word_1_60' title='bbox 1019 1109 1050 1160; x_wconf 91' lang='lat' dir='ltr'><strong>et</strong></span> <span class='ocrx_word' id='word_1_61' title='bbox 1063 1098 1216 1181; x_wconf 87' lang='lat' dir='ltr'><strong>theologis</strong></span> <span class='ocrx_word' id='word_1_62' title='bbox 1227 1102 1386 1161; x_wconf 82' lang='lat' dir='ltr'><strong>conciones</strong></span> <span class='ocrx_word' id='word_1_63' title='bbox 1400 1100 1508 1181; x_wconf 76' lang='lat' dir='ltr'><strong>habere</strong></span> <span class='ocrx_word' id='word_1_64' title='bbox 1522 1104 1687 1167; x_wconf 79' lang='lat' dir='ltr'><strong>interdicat.</strong></span> <span class='ocrx_word' id='word_1_65' title='bbox 1737 1104 1787 1187; x_wconf 90' lang='lat' dir='ltr'><strong>(V</strong></span> <span class='ocrx_word' id='word_1_66' title='bbox 1786 1107 1828 1169; x_wconf 94' lang='lat' dir='ltr'><strong>id.</strong></span> <span class='ocrx_word' id='word_1_67' title='bbox 1845 1111 1991 1188; x_wconf 88' lang='lat' dir='ltr'><strong>scriptum</strong></span> <span class='ocrx_word' id='word_1_68' title='bbox 2005 1111 2068 1169; x_wconf 89' lang='lat' dir='ltr'><strong>eius</strong></span> <span class='ocrx_word' id='word_1_69' title='bbox 2083 1108 2164 1189; x_wconf 89' lang='lat' dir='ltr'><strong>apud</strong></span> <span class='ocrx_word' id='word_1_70' title='bbox 2176 1105 2257 1172; x_wconf 91' lang='lat' dir='ltr'><strong>Coe-</strong></span> 
     </span>
     <span class='ocr_line' id='line_1_7' title="bbox 412 1197 2173 1299; baseline 0.008 -38"><span class='ocrx_word' id='word_1_71' title='bbox 412 1205 512 1263; x_wconf 87' lang='lat' dir='ltr'><strong>lestin.</strong></span> <span class='ocrx_word' id='word_1_72' title='bbox 539 1198 579 1263; x_wconf 87' lang='lat' dir='ltr'><strong>T.</strong></span> <span class='ocrx_word' id='word_1_73' title='bbox 593 1197 619 1262; x_wconf 86' lang='lat' dir='ltr'><strong>l.</strong></span> <span class='ocrx_word' id='word_1_74' title='bbox 645 1224 677 1283; x_wconf 99' lang='grc' dir='ltr'><strong>Ρ.</strong></span> <span class='ocrx_word' id='word_1_75' title='bbox 697 1205 754 1270; x_wconf 89' lang='grc'><strong>60.</strong></span> <span class='ocrx_word' id='word_1_76' title='bbox 789 1199 894 1283; x_wconf 82' lang='lat' dir='ltr'><strong>Chytr.</strong></span> <span class='ocrx_word' id='word_1_77' title='bbox 912 1223 943 1281; x_wconf 93' lang='grc' dir='ltr'><strong>Ρ.</strong></span> <span class='ocrx_word' id='word_1_78' title='bbox 960 1207 1019 1268; x_wconf 82' lang='grc'><strong>87.</strong></span> <span class='ocrx_word' id='word_1_79' title='bbox 1053 1198 1192 1264; x_wconf 88' lang='lat' dir='ltr'><strong>Mueller.</strong></span> <span class='ocrx_word' id='word_1_80' title='bbox 1208 1225 1239 1283; x_wconf 93' lang='grc' dir='ltr'><strong>Ρ.</strong></span> <span class='ocrx_word' id='word_1_81' title='bbox 1256 1202 1341 1269; x_wconf 81' lang='grc'><strong>602.</strong></span> <span class='ocrx_word' id='word_1_82' title='bbox 1359 1214 1390 1264; x_wconf 85' lang='lat' dir='ltr'><strong>et</strong></span> <span class='ocrx_word' id='word_1_83' title='bbox 1404 1198 1633 1283; x_wconf 71' lang='lat' dir='ltr'><strong>Walchiumin</strong></span> <span class='ocrx_word' id='word_1_84' title='bbox 1647 1229 1719 1290; x_wconf 92' lang='lat' dir='ltr'><strong>opp.</strong></span> <span class='ocrx_word' id='word_1_85' title='bbox 1735 1205 1832 1270; x_wconf 75' lang='lat' dir='ltr'><strong>Luth.</strong></span> <span class='ocrx_word' id='word_1_86' title='bbox 1847 1206 1887 1272; x_wconf 92' lang='lat' dir='ltr'><strong>T.</strong></span> <span class='ocrx_word' id='word_1_87' title='bbox 1901 1205 2001 1272; x_wconf 75' lang='lat' dir='ltr'><strong>XVI.</strong></span> <span class='ocrx_word' id='word_1_88' title='bbox 2020 1233 2052 1290; x_wconf 92' lang='grc' dir='ltr'><strong>Ρ.</strong></span> <span class='ocrx_word' id='word_1_89' title='bbox 2068 1200 2173 1299; x_wconf 79' lang='grc'><strong>824.)</strong></span> 
     </span>
     <span class='ocr_line' id='line_1_8' title="bbox 272 1301 2173 1390; baseline 0.008 -28"><span class='ocrx_word' id='word_1_90' title='bbox 272 1317 331 1381; x_wconf 80' lang='lat'><strong>25,</strong></span> <span class='ocrx_word' id='word_1_91' title='bbox 361 1301 434 1363; x_wconf 85' lang='lat' dir='ltr'><strong>Mel.</strong></span> <span class='ocrx_word' id='word_1_92' title='bbox 450 1304 596 1387; x_wconf 89' lang='lat' dir='ltr'><strong>quaedam</strong></span> <span class='ocrx_word' id='word_1_93' title='bbox 607 1307 709 1366; x_wconf 89' lang='lat' dir='ltr'><strong>scribit</strong></span> <span class='ocrx_word' id='word_1_94' title='bbox 723 1305 761 1365; x_wconf 88' lang='lat' dir='ltr'><strong>ad</strong></span> <span class='ocrx_word' id='word_1_95' title='bbox 774 1303 991 1365; x_wconf 90' lang='lat' dir='ltr'><strong>defendendam</strong></span> <span class='ocrx_word' id='word_1_96' title='bbox 1005 1304 1244 1365; x_wconf 75' lang='lat' dir='ltr'><strong>emendationem</strong></span> <span class='ocrx_word' id='word_1_97' title='bbox 1256 1324 1426 1384; x_wconf 89' lang='lat' dir='ltr'><strong>sacrorum,</strong></span> <span class='ocrx_word' id='word_1_98' title='bbox 1452 1320 1483 1367; x_wconf 90' lang='lat' dir='ltr'><strong>et</strong></span> <span class='ocrx_word' id='word_1_99' title='bbox 1497 1310 1615 1390; x_wconf 86' lang='lat' dir='ltr'><strong>colligit</strong></span> <span class='ocrx_word' id='word_1_100' title='bbox 1631 1316 1801 1390; x_wconf 78' lang='lat' dir='ltr'><strong>gravamina</strong></span> <span class='ocrx_word' id='word_1_101' title='bbox 1814 1308 1911 1375; x_wconf 91' lang='lat' dir='ltr'><strong>Ducis</strong></span> <span class='ocrx_word' id='word_1_102' title='bbox 1926 1309 1998 1375; x_wconf 85' lang='lat' dir='ltr'><strong>Sex.</strong></span> <span class='ocrx_word' id='word_1_103' title='bbox 2017 1309 2173 1377; x_wconf 84' lang='lat' dir='ltr'><strong>Electoris.</strong></span> 
     </span>
     <span class='ocr_line' id='line_1_9' title="bbox 271 1402 1544 1487; baseline 0 -21"><span class='ocrx_word' id='word_1_104' title='bbox 271 1421 329 1483; x_wconf 77' lang='lat'><strong>28,</strong></span> <span class='ocrx_word' id='word_1_105' title='bbox 361 1402 515 1467; x_wconf 88' lang='lat' dir='ltr'><strong>Pontanus</strong></span> <span class='ocrx_word' id='word_1_106' title='bbox 530 1420 559 1466; x_wconf 94' lang='lat' dir='ltr'><strong>et</strong></span> <span class='ocrx_word' id='word_1_107' title='bbox 574 1407 710 1487; x_wconf 87' lang='lat' dir='ltr'><strong>theologi</strong></span> <span class='ocrx_word' id='word_1_108' title='bbox 726 1411 904 1468; x_wconf 87' lang='lat' dir='ltr'><strong>sententiam</strong></span> <span class='ocrx_word' id='word_1_109' title='bbox 920 1406 1025 1467; x_wconf 80' lang='lat' dir='ltr'><strong>dicum</strong></span> <span class='ocrx_word' id='word_1_110' title='bbox 1040 1407 1077 1468; x_wconf 89' lang='lat' dir='ltr'><strong>de</strong></span> <span class='ocrx_word' id='word_1_111' title='bbox 1091 1408 1288 1468; x_wconf 88' lang='lat' dir='ltr'><strong>concionibus</strong></span> <span class='ocrx_word' id='word_1_112' title='bbox 1302 1410 1544 1470; x_wconf 88' lang='lat' dir='ltr'><strong>intermittendis.</strong></span> 
     </span>
     <span class='ocr_line' id='line_1_10' title="bbox 361 1505 1660 1590; baseline 0.001 -19"><span class='ocrx_word' id='word_1_113' title='bbox 361 1509 515 1590; x_wconf 87' lang='lat' dir='ltr'><strong>Theologi</strong></span> <span class='ocrx_word' id='word_1_114' title='bbox 530 1521 559 1569; x_wconf 89' lang='lat' dir='ltr'><strong>et</strong></span> <span class='ocrx_word' id='word_1_115' title='bbox 574 1506 748 1570; x_wconf 72' lang='lat' dir='ltr'><strong>Conciliarii</strong></span> <span class='ocrx_word' id='word_1_116' title='bbox 765 1506 837 1572; x_wconf 68' lang='grc' dir='ltr'>δικ.</span> <span class='ocrx_word' id='word_1_117' title='bbox 855 1520 1038 1588; x_wconf 81' lang='lat' dir='ltr'><strong>occupantur</strong></span> <span class='ocrx_word' id='word_1_118' title='bbox 1058 1512 1092 1567; x_wconf 93' lang='lat' dir='ltr'><strong>in</strong></span> <span class='ocrx_word' id='word_1_119' title='bbox 1106 1509 1346 1588; x_wconf 85' lang='lat' dir='ltr'><strong>recognoscenda</strong></span> <span class='ocrx_word' id='word_1_120' title='bbox 1361 1505 1445 1590; x_wconf 86' lang='lat' dir='ltr'><strong>Aug.</strong></span> <span class='ocrx_word' id='word_1_121' title='bbox 1461 1512 1660 1573; x_wconf 87' lang='lat' dir='ltr'><strong>confessione.</strong></span> 
     </span>
     <span class='ocr_line' id='line_1_11' title="bbox 261 1606 2255 1699; baseline 0.001 -23"><span class='ocrx_word' id='word_1_122' title='bbox 261 1607 328 1686; x_wconf 67' lang='lat'><strong>31.</strong></span> <span class='ocrx_word' id='word_1_123' title='bbox 361 1612 517 1676; x_wconf 84' lang='lat' dir='ltr'><strong>Confessio</strong></span> <span class='ocrx_word' id='word_1_124' title='bbox 531 1616 698 1691; x_wconf 89' lang='lat' dir='ltr'><strong>germanica</strong></span> <span class='ocrx_word' id='word_1_125' title='bbox 712 1612 849 1673; x_wconf 89' lang='lat' dir='ltr'><strong>nondum</strong></span> <span class='ocrx_word' id='word_1_126' title='bbox 864 1622 907 1672; x_wconf 90' lang='lat' dir='ltr'><strong>est</strong></span> <span class='ocrx_word' id='word_1_127' title='bbox 922 1613 1067 1672; x_wconf 88' lang='lat' dir='ltr'><strong>absoluta.</strong></span> <span class='ocrx_word' id='word_1_128' title='bbox 1100 1606 1246 1674; x_wconf 75' lang='lat' dir='ltr'><strong>&#39;&#39;Eatinae</strong></span> <span class='ocrx_word' id='word_1_129' title='bbox 1266 1607 1464 1673; x_wconf 78' lang='lat' dir='ltr'><strong>confessionis</strong></span> <span class='ocrx_word' id='word_1_130' title='bbox 1485 1614 1698 1697; x_wconf 73' lang='lat' dir='ltr'><strong>apographon,</strong></span> <span class='ocrx_word' id='word_1_131' title='bbox 1739 1622 1788 1679; x_wconf 90' lang='lat' dir='ltr'><strong>cui</strong></span> <span class='ocrx_word' id='word_1_132' title='bbox 1803 1630 1908 1679; x_wconf 87' lang='lat' dir='ltr'><strong>tamen</strong></span> <span class='ocrx_word' id='word_1_133' title='bbox 1926 1617 2033 1679; x_wconf 88' lang='lat' dir='ltr'><strong>desunt</strong></span> <span class='ocrx_word' id='word_1_134' title='bbox 2058 1621 2203 1699; x_wconf 87' lang='lat' dir='ltr'><strong>prologus</strong></span> <span class='ocrx_word' id='word_1_135' title='bbox 2225 1631 2255 1677; x_wconf 88' lang='lat' dir='ltr'><strong>et</strong></span> 
     </span>
     <span class='ocr_line' id='line_1_12' title="bbox 411 1710 1652 1797; baseline 0.002 -23"><span class='ocrx_word' id='word_1_136' title='bbox 411 1718 567 1795; x_wconf 88' lang='lat' dir='ltr'><strong>epilogus,</strong></span> <span class='ocrx_word' id='word_1_137' title='bbox 592 1719 666 1774; x_wconf 90' lang='lat' dir='ltr'><strong>item</strong></span> <span class='ocrx_word' id='word_1_138' title='bbox 683 1717 826 1775; x_wconf 86' lang='lat' dir='ltr'><strong>articulus</strong></span> <span class='ocrx_word' id='word_1_139' title='bbox 841 1713 878 1772; x_wconf 94' lang='lat' dir='ltr'><strong>de</strong></span> <span class='ocrx_word' id='word_1_140' title='bbox 892 1713 949 1773; x_wconf 86' lang='lat' dir='ltr'><strong>fide</strong></span> <span class='ocrx_word' id='word_1_141' title='bbox 965 1725 995 1773; x_wconf 90' lang='lat' dir='ltr'><strong>et</strong></span> <span class='ocrx_word' id='word_1_142' title='bbox 1016 1715 1175 1794; x_wconf 78' lang='lat' dir='ltr'><strong>operibus,</strong></span> <span class='ocrx_word' id='word_1_143' title='bbox 1197 1713 1324 1774; x_wconf 88' lang='lat' dir='ltr'><strong>traditur</strong></span> <span class='ocrx_word' id='word_1_144' title='bbox 1337 1710 1461 1795; x_wconf 86' lang='lat' dir='ltr'><strong>Legatis</strong></span> <span class='ocrx_word' id='word_1_145' title='bbox 1473 1713 1652 1797; x_wconf 88' lang='lat' dir='ltr'><strong>Norinberg.</strong></span> 
     </span>
     <span class='ocr_line' id='line_1_13' title="bbox 359 1811 2255 1900; baseline 0.002 -22"><span class='ocrx_word' id='word_1_146' title='bbox 359 1817 435 1883; x_wconf 86' lang='lat' dir='ltr'><strong>Dux</strong></span> <span class='ocrx_word' id='word_1_147' title='bbox 447 1813 520 1877; x_wconf 87' lang='lat' dir='ltr'><strong>Sex.</strong></span> <span class='ocrx_word' id='word_1_148' title='bbox 535 1812 654 1876; x_wconf 87' lang='lat' dir='ltr'><strong>Elector</strong></span> <span class='ocrx_word' id='word_1_149' title='bbox 670 1816 829 1898; x_wconf 86' lang='lat' dir='ltr'><strong>respondet</strong></span> <span class='ocrx_word' id='word_1_150' title='bbox 842 1819 947 1896; x_wconf 86' lang='lat' dir='ltr'><strong>legatis</strong></span> <span class='ocrx_word' id='word_1_151' title='bbox 962 1811 1113 1894; x_wconf 87' lang='lat' dir='ltr'><strong>Caesaris,</strong></span> <span class='ocrx_word' id='word_1_152' title='bbox 1139 1812 1469 1879; x_wconf 87' lang='lat' dir='ltr'><strong>ComitibusaNassau</strong></span> <span class='ocrx_word' id='word_1_153' title='bbox 1485 1832 1514 1880; x_wconf 89' lang='lat' dir='ltr'><strong>et</strong></span> <span class='ocrx_word' id='word_1_154' title='bbox 1529 1839 1547 1878; x_wconf 90' lang='lat' dir='ltr'><strong>a</strong></span> <span class='ocrx_word' id='word_1_155' title='bbox 1560 1816 1692 1900; x_wconf 88' lang='lat' dir='ltr'><strong>Nuenar,</strong></span> <span class='ocrx_word' id='word_1_156' title='bbox 1719 1843 1750 1882; x_wconf 87' lang='lat' dir='ltr'><strong>se</strong></span> <span class='ocrx_word' id='word_1_157' title='bbox 1766 1825 1830 1882; x_wconf 90' lang='lat' dir='ltr'><strong>eins</strong></span> <span class='ocrx_word' id='word_1_158' title='bbox 1847 1820 2036 1885; x_wconf 90' lang='lat' dir='ltr'><strong>mandatisd.</strong></span> <span class='ocrx_word' id='word_1_159' title='bbox 2054 1821 2084 1883; x_wconf 88' lang='lat' dir='ltr'><strong>d.</strong></span> <span class='ocrx_word' id='word_1_160' title='bbox 2102 1822 2162 1890; x_wconf 83' lang='lat'><strong>24.</strong></span> <span class='ocrx_word' id='word_1_161' title='bbox 2179 1819 2255 1882; x_wconf 87' lang='lat' dir='ltr'><strong>Maii</strong></span> 
     </span>
     <span class='ocr_line' id='line_1_14' title="bbox 409 1914 2252 2069; baseline 0.003 -90"><span class='ocrx_word' id='word_1_162' title='bbox 409 1919 534 2000; x_wconf 90' lang='lat' dir='ltr'><strong>obsequi</strong></span> <span class='ocrx_word' id='word_1_163' title='bbox 547 1938 609 1977; x_wconf 87' lang='lat' dir='ltr'><strong>non</strong></span> <span class='ocrx_word' id='word_1_164' title='bbox 623 1939 723 1998; x_wconf 89' lang='lat' dir='ltr'><strong>posse.</strong></span> <span class='ocrx_word' id='word_1_165' title='bbox 771 1914 862 1995; x_wconf 89' lang='lat' dir='ltr'><strong>(Vid.</strong></span> <span class='ocrx_word' id='word_1_166' title='bbox 876 1938 1053 1998; x_wconf 88' lang='lat' dir='ltr'><strong>responsum</strong></span> <span class='ocrx_word' id='word_1_167' title='bbox 1068 1917 1157 2000; x_wconf 90' lang='lat' dir='ltr'><strong>apud</strong></span> <span class='ocrx_word' id='word_1_168' title='bbox 1163 1915 1325 1981; x_wconf 89' lang='lat' dir='ltr'><strong>Coelestin.</strong></span> <span class='ocrx_word' id='word_1_169' title='bbox 1339 1914 1366 1982; x_wconf 90' lang='grc' dir='ltr'><strong>Ι.</strong></span> <span class='ocrx_word' id='word_1_170' title='bbox 1381 1942 1413 2000; x_wconf 92' lang='grc' dir='ltr'><strong>Ρ.</strong></span> <span class='ocrx_word' id='word_1_171' title='bbox 1430 1922 1489 1986; x_wconf 86' lang='grc'><strong>51.</strong></span> <span class='ocrx_word' id='word_1_172' title='bbox 1513 1917 1653 1985; x_wconf 83' lang='lat' dir='ltr'><strong>Mueller.</strong></span> <span class='ocrx_word' id='word_1_173' title='bbox 1669 1947 1700 2069; x_wconf 93' lang='grc' dir='ltr'><strong>Ρ.</strong></span> <span class='ocrx_word' id='word_1_174' title='bbox 1718 1925 1803 1992; x_wconf 85' lang='grc'><strong>606</strong></span> <span class='ocrx_word' id='word_1_175' title='bbox 1827 1921 2055 1989; x_wconf 88' lang='lat' dir='ltr'><strong>Walchiumin</strong></span> <span class='ocrx_word' id='word_1_176' title='bbox 2069 1945 2141 2006; x_wconf 93' lang='lat' dir='ltr'><strong>opp.</strong></span> <span class='ocrx_word' id='word_1_177' title='bbox 2156 1919 2252 1986; x_wconf 90' lang='lat' dir='ltr'><strong>Luth.</strong></span> 
     </span>
    </p>
   </div>
   <div class='ocr_carea' id='block_1_2' title="bbox 407 2018 907 2100">
    <p class='ocr_par' dir='ltr' id='par_1_2' title="bbox 407 2018 907 2100">
     <span class='ocr_line' id='line_1_15' title="bbox 407 2018 907 2100; baseline 0.008 -18"><span class='ocrx_word' id='word_1_178' title='bbox 407 2018 669 2100; x_wconf 78' lang='lat' dir='ltr'><strong>xv1.p..829)</strong></span> <span class='ocrx_word' id='word_1_179' title='bbox 747 2060 772 2097; x_wconf 56' lang='lat'><strong>,·</strong></span> <span class='ocrx_word' id='word_1_180' title='bbox 904 2063 907 2070; x_wconf 89' lang='lat'>·</span> 
     </span>
    </p>
   </div>
   <div class='ocr_carea' id='block_1_3' title="bbox 358 2030 1549 2207">
    <p class='ocr_par' dir='ltr' id='par_1_3' title="bbox 358 2030 1549 2207">
     <span class='ocr_line' id='line_1_16' title="bbox 358 2030 1549 2207; baseline 0.001 -22"><span class='ocrx_word' id='word_1_181' title='bbox 358 2121 431 2185; x_wconf 87' lang='lat' dir='ltr'><strong>Mel.</strong></span> <span class='ocrx_word' id='word_1_182' title='bbox 448 2120 607 2202; x_wconf 92' lang='lat' dir='ltr'><strong>respondet</strong></span> <span class='ocrx_word' id='word_1_183' title='bbox 623 2122 662 2181; x_wconf 90' lang='lat' dir='ltr'><strong>ad</strong></span> <span class='ocrx_word' id='word_1_184' title='bbox 677 2143 731 2183; x_wconf 86' lang='lat' dir='ltr'><strong>sex</strong></span> <span class='ocrx_word' id='word_1_185' title='bbox 746 2125 958 2205; x_wconf 87' lang='lat' dir='ltr'><strong>quaestiones</strong></span> <span class='ocrx_word' id='word_1_186' title='bbox 950 2125 1009 2205; x_wconf 88' lang='lat' dir='ltr'><strong>rpsi</strong></span> <span class='ocrx_word' id='word_1_187' title='bbox 1023 2143 1041 2184; x_wconf 93' lang='lat' dir='ltr'><strong>a</strong></span> <span class='ocrx_word' id='word_1_188' title='bbox 1053 2121 1195 2205; x_wconf 87' lang='lat' dir='ltr'><strong>Principe</strong></span> <span class='ocrx_word' id='word_1_189' title='bbox 1208 2096 1348 2192; x_wconf 85' lang='lat' dir='ltr'><strong>Electore</strong></span> <span class='ocrx_word' id='word_1_190' title='bbox 1368 2030 1549 2207; x_wconf 79' lang='lat' dir='ltr'><strong>propositas.</strong></span> 
     </span>
    </p>
   </div>
   <div class='ocr_carea' id='block_1_4' title="bbox 261 2212 1603 2372">
    <p class='ocr_par' dir='ltr' id='par_1_4' title="bbox 261 2212 1603 2372">
     <span class='ocr_line' id='line_1_17' title="bbox 261 2212 1603 2372; baseline -0.007 -16"><span class='ocrx_word' id='word_1_191' title='bbox 261 2212 322 2360; x_wconf 54' lang='lat'><strong>¹¹¹2¹¹.</strong></span> <span class='ocrx_word' id='word_1_192' title='bbox 357 2288 507 2368; x_wconf 83' lang='lat' dir='ltr'><strong>Cochleus</strong></span> <span class='ocrx_word' id='word_1_193' title='bbox 522 2283 750 2348; x_wconf 85' lang='lat' dir='ltr'><strong>Melanthonem</strong></span> <span class='ocrx_word' id='word_1_194' title='bbox 764 2300 793 2348; x_wconf 92' lang='lat' dir='ltr'><strong>et</strong></span> <span class='ocrx_word' id='word_1_195' title='bbox 805 2284 989 2349; x_wconf 81' lang='lat' dir='ltr'><strong>Brennum</strong></span> <span class='ocrx_word' id='word_1_196' title='bbox 979 2290 1087 2350; x_wconf 87' lang='lat' dir='ltr'><strong>rnritat</strong></span> <span class='ocrx_word' id='word_1_197' title='bbox 1101 2288 1139 2349; x_wconf 88' lang='lat' dir='ltr'><strong>ad</strong></span> <span class='ocrx_word' id='word_1_198' title='bbox 1154 2291 1345 2372; x_wconf 89' lang='lat' dir='ltr'><strong>colloquium</strong></span> <span class='ocrx_word' id='word_1_199' title='bbox 1359 2293 1520 2370; x_wconf 82' lang='lat' dir='ltr'><strong>privatum.</strong></span> <span class='ocrx_word' id='word_1_200' title='bbox 1599 2325 1603 2329; x_wconf 93' lang='lat'><em>-</em></span> 
     </span>
    </p>
   </div>
   <div class='ocr_carea' id='block_1_5' title="bbox 177 2385 2303 3083">
    <p class='ocr_par' dir='ltr' id='par_1_5' title="bbox 278 2385 2253 2573">
     <span class='ocr_line' id='line_1_18' title="bbox 278 2385 2253 2481; baseline 0.002 -27"><span class='ocrx_word' id='word_1_201' title='bbox 278 2401 311 2464; x_wconf 81' lang='grc'><strong>8.</strong></span> <span class='ocrx_word' id='word_1_202' title='bbox 355 2391 429 2454; x_wconf 91' lang='lat' dir='ltr'><strong>Mel.</strong></span> <span class='ocrx_word' id='word_1_203' title='bbox 443 2391 579 2452; x_wconf 88' lang='lat' dir='ltr'><strong>hortatur</strong></span> <span class='ocrx_word' id='word_1_204' title='bbox 592 2385 841 2471; x_wconf 89' lang='lat' dir='ltr'><strong>Lachmannum,</strong></span> <span class='ocrx_word' id='word_1_205' title='bbox 866 2413 905 2451; x_wconf 91' lang='lat' dir='ltr'><strong>ne</strong></span> <span class='ocrx_word' id='word_1_206' title='bbox 921 2389 1019 2470; x_wconf 84' lang='lat' dir='ltr'><strong>f&#39;avcat</strong></span> <span class='ocrx_word' id='word_1_207' title='bbox 1032 2388 1178 2472; x_wconf 83' lang='lat' dir='ltr'><strong>Zwinglii</strong></span> <span class='ocrx_word' id='word_1_208' title='bbox 1193 2391 1344 2453; x_wconf 89' lang='lat' dir='ltr'><strong>doctrinae</strong></span> <span class='ocrx_word' id='word_1_209' title='bbox 1359 2391 1398 2453; x_wconf 90' lang='lat' dir='ltr'><strong>de</strong></span> <span class='ocrx_word' id='word_1_210' title='bbox 1412 2412 1493 2453; x_wconf 87' lang='lat' dir='ltr'><strong>sacra</strong></span> <span class='ocrx_word' id='word_1_211' title='bbox 1508 2411 1611 2454; x_wconf 87' lang='lat' dir='ltr'><strong>coena.</strong></span> <span class='ocrx_word' id='word_1_212' title='bbox 1623 2420 1676 2436; x_wconf 90' lang='lat'>-</span> <span class='ocrx_word' id='word_1_213' title='bbox 1714 2385 1823 2453; x_wconf 78' lang='lat' dir='ltr'><strong>Eettus</strong></span> <span class='ocrx_word' id='word_1_214' title='bbox 1837 2393 1974 2454; x_wconf 88' lang='lat' dir='ltr'><strong>nondum</strong></span> <span class='ocrx_word' id='word_1_215' title='bbox 1987 2393 2086 2472; x_wconf 88' lang='lat' dir='ltr'><strong>adest,</strong></span> <span class='ocrx_word' id='word_1_216' title='bbox 2107 2395 2159 2457; x_wconf 89' lang='lat' dir='ltr'><strong>sed</strong></span> <span class='ocrx_word' id='word_1_217' title='bbox 2173 2417 2253 2481; x_wconf 90' lang='lat' dir='ltr'><strong>quo·</strong></span> 
     </span>
     <span class='ocr_line' id='line_1_19' title="bbox 392 2494 1230 2588; baseline -0.01 -33.864"><span class='ocrx_word' id='word_1_218' title='bbox 392 2494 480 2555; x_wconf 88' lang='lat' dir='ltr'><strong>&#39;tidie</strong></span> <span class='ocrx_word' id='word_1_219' title='bbox 496 2504 693 2588; x_wconf 83' lang='lat' dir='ltr'><strong>exspectatur.</strong></span> <span class='ocrx_word' id='word_1_220' title='bbox 1228 2551 1230 2555; x_wconf 59' lang='grc'><strong>,</strong></span> 
     </span>
    </p>

    <p class='ocr_par' dir='ltr' id='par_1_6' title="bbox 277 2591 2303 2768">
     <span class='ocr_line' id='line_1_20' title="bbox 277 2591 2303 2678; baseline 0.002 -21"><span class='ocrx_word' id='word_1_221' title='bbox 277 2606 311 2673; x_wconf 96' lang='grc'><strong>4</strong></span> <span class='ocrx_word' id='word_1_222' title='bbox 354 2593 549 2657; x_wconf 79' lang='lat' dir='ltr'><strong>Mercnrthus</strong></span> <span class='ocrx_word' id='word_1_223' title='bbox 567 2591 756 2668; x_wconf 73' lang='lat' dir='ltr'><strong>Celticum,</strong></span> <span class='ocrx_word' id='word_1_224' title='bbox 783 2592 915 2657; x_wconf 80' lang='lat' dir='ltr'><strong>Caesaris</strong></span> <span class='ocrx_word' id='word_1_225' title='bbox 930 2597 1140 2672; x_wconf 90' lang='lat' dir='ltr'><strong>cancellarius,</strong></span> <span class='ocrx_word' id='word_1_226' title='bbox 1164 2597 1292 2656; x_wconf 89' lang='lat' dir='ltr'><strong>moritur</strong></span> <span class='ocrx_word' id='word_1_227' title='bbox 1308 2592 1500 2678; x_wconf 89' lang='lat' dir='ltr'><strong>Oeniponta,</strong></span> <span class='ocrx_word' id='word_1_228' title='bbox 1525 2598 1558 2656; x_wconf 91' lang='lat' dir='ltr'><strong>in</strong></span> <span class='ocrx_word' id='word_1_229' title='bbox 1573 2600 1658 2658; x_wconf 90' lang='lat' dir='ltr'><strong>cuius</strong></span> <span class='ocrx_word' id='word_1_230' title='bbox 1675 2598 1778 2657; x_wconf 89' lang='lat' dir='ltr'><strong>locum</strong></span> <span class='ocrx_word' id='word_1_231' title='bbox 1792 2599 1875 2659; x_wconf 83' lang='lat' dir='ltr'><strong>venit</strong></span> <span class='ocrx_word' id='word_1_232' title='bbox 1888 2593 2114 2660; x_wconf 78' lang='lat' dir='ltr'><strong>Grauvetlcuus</strong></span> <span class='ocrx_word' id='word_1_233' title='bbox 2128 2597 2252 2662; x_wconf 90' lang='lat' dir='ltr'><strong>Veson-</strong></span> <span class='ocrx_word' id='word_1_234' title='bbox 2299 2642 2303 2647; x_wconf 92' lang='lat'><em>-</em></span> 
     </span>
     <span class='ocr_line' id='line_1_21' title="bbox 405 2703 1591 2768; baseline 0.007 -8"><span class='ocrx_word' id='word_1_235' title='bbox 405 2703 498 2760; x_wconf 84' lang='lat' dir='ltr'><strong>tinus.</strong></span> <span class='ocrx_word' id='word_1_236' title='bbox 1588 2765 1591 2768; x_wconf 76' lang='grc'><strong>,</strong></span> 
     </span>
    </p>

    <p class='ocr_par' dir='ltr' id='par_1_7' title="bbox 277 2796 2252 2982">
     <span class='ocr_line' id='line_1_22' title="bbox 277 2796 2252 2882; baseline 0.002 -20"><span class='ocrx_word' id='word_1_237' title='bbox 277 2814 311 2877; x_wconf 74' lang='grc'><strong>8,</strong></span> <span class='ocrx_word' id='word_1_238' title='bbox 356 2799 553 2882; x_wconf 85' lang='lat' dir='ltr'><strong>Epilogus&#39;et</strong></span> <span class='ocrx_word' id='word_1_239' title='bbox 575 2798 720 2882; x_wconf 81' lang='lat' dir='ltr'><strong>prologus</strong></span> <span class='ocrx_word' id='word_1_240' title='bbox 734 2796 819 2879; x_wconf 83' lang='lat' dir='ltr'><strong>Aug.</strong></span> <span class='ocrx_word' id='word_1_241' title='bbox 835 2799 917 2861; x_wconf 82' lang='lat' dir='ltr'><strong>conf.</strong></span> <span class='ocrx_word' id='word_1_242' title='bbox 937 2798 1075 2860; x_wconf 84' lang='lat' dir='ltr'><strong>nondrun</strong></span> <span class='ocrx_word' id='word_1_243' title='bbox 1095 2810 1140 2859; x_wconf 86' lang='lat' dir='ltr'><strong>est</strong></span> <span class='ocrx_word' id='word_1_244' title='bbox 1159 2800 1323 2861; x_wconf 84' lang='lat' dir='ltr'><strong>absolutus.</strong></span> <span class='ocrx_word' id='word_1_245' title='bbox 1350 2797 1445 2861; x_wconf 89' lang='lat' dir='ltr'><strong>·Hoo</strong></span> <span class='ocrx_word' id='word_1_246' title='bbox 1463 2813 1599 2882; x_wconf 90' lang='lat' dir='ltr'><strong>tempore</strong></span> <span class='ocrx_word' id='word_1_247' title='bbox 1618 2801 1908 2861; x_wconf 73' lang='lat' dir='ltr'><strong>confessio-nomine</strong></span> <span class='ocrx_word' id='word_1_248' title='bbox 1929 2804 2030 2863; x_wconf 90' lang='lat' dir='ltr'><strong>solum</strong></span> <span class='ocrx_word' id='word_1_249' title='bbox 2050 2803 2143 2864; x_wconf 92' lang='lat' dir='ltr'><strong>modo</strong></span> <span class='ocrx_word' id='word_1_250' title='bbox 2157 2801 2252 2867; x_wconf 87' lang='lat' dir='ltr'><strong>Ducis</strong></span> 
     </span>
     <span class='ocr_line' id='line_1_23' title="bbox 404 2896 2160 2982; baseline 0.003 -20"><span class='ocrx_word' id='word_1_251' title='bbox 404 2899 478 2963; x_wconf 85' lang='lat' dir='ltr'><strong>Sax.</strong></span> <span class='ocrx_word' id='word_1_252' title='bbox 493 2899 589 2964; x_wconf 88' lang='lat' dir='ltr'><strong>Elect.</strong></span> <span class='ocrx_word' id='word_1_253' title='bbox 610 2906 777 2982; x_wconf 88' lang='lat' dir='ltr'><strong>conscripta</strong></span> <span class='ocrx_word' id='word_1_254' title='bbox 795 2914 864 2962; x_wconf 83' lang='lat' dir='ltr'><strong>erat.</strong></span> <span class='ocrx_word' id='word_1_255' title='bbox 916 2898 1026 2981; x_wconf 82' lang='lat' dir='ltr'><strong>Agtmt</strong></span> <span class='ocrx_word' id='word_1_256' title='bbox 1038 2912 1140 2961; x_wconf 90' lang='lat' dir='ltr'><strong>autem</strong></span> <span class='ocrx_word' id='word_1_257' title='bbox 1155 2896 1354 2963; x_wconf 88' lang='lat' dir='ltr'><strong>Protestantes</strong></span> <span class='ocrx_word' id='word_1_258' title='bbox 1369 2924 1439 2963; x_wconf 91' lang='lat' dir='ltr'><strong>cum</strong></span> <span class='ocrx_word' id='word_1_259' title='bbox 1451 2899 1606 2982; x_wconf 89' lang='lat' dir='ltr'><strong>Electore,</strong></span> <span class='ocrx_word' id='word_1_260' title='bbox 1630 2920 1665 2964; x_wconf 90' lang='lat' dir='ltr'><strong>ut</strong></span> <span class='ocrx_word' id='word_1_261' title='bbox 1682 2907 1820 2965; x_wconf 89' lang='lat' dir='ltr'><strong>omnium</strong></span> <span class='ocrx_word' id='word_1_262' title='bbox 1833 2904 2160 2969; x_wconf 81' lang='lat' dir='ltr'><strong>nomine-exhibeatur.</strong></span> 
     </span>
    </p>

    <p class='ocr_par' dir='ltr' id='par_1_8' title="bbox 177 2991 1760 3083">
     <span class='ocr_line' id='line_1_24' title="bbox 177 2991 1760 3083; baseline -0.004 -15"><span class='ocrx_word' id='word_1_263' title='bbox 177 2991 185 2995; x_wconf 47' lang='grc'>’</span> <span class='ocrx_word' id='word_1_264' title='bbox 267 3021 323 3082; x_wconf 86' lang='lat'><strong>10</strong></span> <span class='ocrx_word' id='word_1_265' title='bbox 355 3001 637 3068; x_wconf 87' lang='lat' dir='ltr'><strong>CaesarMonacum</strong></span> <span class='ocrx_word' id='word_1_266' title='bbox 657 3008 748 3067; x_wconf 89' lang='lat' dir='ltr'><strong>intrat</strong></span> <span class='ocrx_word' id='word_1_267' title='bbox 762 3001 1032 3064; x_wconf 84' lang='lat' dir='ltr'><strong>oumFerdinando</strong></span> <span class='ocrx_word' id='word_1_268' title='bbox 1047 3022 1127 3083; x_wconf 89' lang='lat' dir='ltr'><strong>rege.</strong></span> <span class='ocrx_word' id='word_1_269' title='bbox 1308 3010 1312 3017; x_wconf 93' lang='lat'>&#39;</span> <span class='ocrx_word' id='word_1_270' title='bbox 1757 3017 1760 3023; x_wconf 71' lang='grc'><strong><em>’</em></strong></span> 
     </span>
    </p>
   </div>
   <div class='ocr_carea' id='block_1_6' title="bbox 209 3131 2263 4651">
    <p class='ocr_par' dir='ltr' id='par_1_9' title="bbox 209 3131 2263 4651">
     <span class='ocr_line' id='line_1_25' title="bbox 265 3131 2251 3243; baseline 0.001 -40"><span class='ocrx_word' id='word_1_271' title='bbox 265 3155 321 3218; x_wconf 86' lang='lat'><strong>11</strong></span> <span class='ocrx_word' id='word_1_272' title='bbox 352 3136 561 3221; x_wconf 85' lang='lat' dir='ltr'><strong>Landgrarius</strong></span> <span class='ocrx_word' id='word_1_273' title='bbox 576 3138 699 3201; x_wconf 87' lang='lat' dir='ltr'><strong>Hassiae</strong></span> <span class='ocrx_word' id='word_1_274' title='bbox 714 3158 784 3200; x_wconf 89' lang='lat' dir='ltr'><strong>cum</strong></span> <span class='ocrx_word' id='word_1_275' title='bbox 797 3133 992 3199; x_wconf 88' lang='lat' dir='ltr'><strong>Melanthone</strong></span> <span class='ocrx_word' id='word_1_276' title='bbox 1015 3150 1046 3198; x_wconf 89' lang='lat' dir='ltr'><strong>et</strong></span> <span class='ocrx_word' id='word_1_277' title='bbox 1057 3131 1188 3243; x_wconf 86' lang='lat' dir='ltr'><strong>Brentio</strong></span> <span class='ocrx_word' id='word_1_278' title='bbox 1204 3135 1314 3200; x_wconf 86' lang='lat' dir='ltr'><strong>frustra</strong></span> <span class='ocrx_word' id='word_1_279' title='bbox 1334 3141 1398 3220; x_wconf 85' lang='lat' dir='ltr'><strong>agit</strong></span> <span class='ocrx_word' id='word_1_280' title='bbox 1419 3135 1456 3200; x_wconf 92' lang='lat' dir='ltr'><strong>de</strong></span> <span class='ocrx_word' id='word_1_281' title='bbox 1472 3136 1662 3201; x_wconf 88' lang='lat' dir='ltr'><strong>admittendis</strong></span> <span class='ocrx_word' id='word_1_282' title='bbox 1676 3134 1875 3222; x_wconf 82' lang='lat' dir='ltr'><strong>Zwlnglianis</strong></span> <span class='ocrx_word' id='word_1_283' title='bbox 1890 3139 1928 3200; x_wconf 86' lang='lat' dir='ltr'><strong>ad</strong></span> <span class='ocrx_word' id='word_1_284' title='bbox 1944 3143 2116 3203; x_wconf 84' lang='lat' dir='ltr'><strong>societatem</strong></span> <span class='ocrx_word' id='word_1_285' title='bbox 2129 3135 2251 3204; x_wconf 89' lang='lat' dir='ltr'><strong>Luthe-</strong></span> 
     </span>
     <span class='ocr_line' id='line_1_26' title="bbox 403 3263 553 3303; baseline 0 0"><span class='ocrx_word' id='word_1_286' title='bbox 403 3263 553 3303; x_wconf 89' lang='lat' dir='ltr'><strong>ranorum.</strong></span> 
     </span>
     <span class='ocr_line' id='line_1_27' title="bbox 264 3333 2251 3467; baseline -0.002 -58"><span class='ocrx_word' id='word_1_287' title='bbox 264 3359 321 3422; x_wconf 70' lang='lat'><strong>13.</strong></span> <span class='ocrx_word' id='word_1_288' title='bbox 352 3345 529 3409; x_wconf 86' lang='lat' dir='ltr'><strong>Melanthon</strong></span> <span class='ocrx_word' id='word_1_289' title='bbox 546 3344 648 3404; x_wconf 88' lang='lat' dir='ltr'><strong>scribit</strong></span> <span class='ocrx_word' id='word_1_290' title='bbox 662 3337 831 3425; x_wconf 88' lang='lat' dir='ltr'><strong>Luthero,</strong></span> <span class='ocrx_word' id='word_1_291' title='bbox 851 3353 888 3403; x_wconf 91' lang='grc' dir='ltr'><strong>ιιι</strong></span> <span class='ocrx_word' id='word_1_292' title='bbox 902 3333 1130 3426; x_wconf 78' lang='lat' dir='ltr'><strong>Landgra&#39;rinm</strong></span> <span class='ocrx_word' id='word_1_293' title='bbox 1142 3340 1280 3467; x_wconf 87' lang='lat' dir='ltr'><strong>hortetur</strong></span> <span class='ocrx_word' id='word_1_294' title='bbox 1293 3339 1331 3401; x_wconf 90' lang='lat' dir='ltr'><strong>de</strong></span> <span class='ocrx_word' id='word_1_295' title='bbox 1345 3340 1474 3466; x_wconf 79' lang='lat' dir='ltr'><strong>ritandls</strong></span> <span class='ocrx_word' id='word_1_296' title='bbox 1489 3340 1704 3424; x_wconf 82' lang='lat' dir='ltr'><strong>Zwinglianis,</strong></span> <span class='ocrx_word' id='word_1_297' title='bbox 1740 3345 1794 3427; x_wconf 86' lang='lat' dir='ltr'><strong>qui</strong></span> <span class='ocrx_word' id='word_1_298' title='bbox 1816 3342 1993 3406; x_wconf 87' lang='lat' dir='ltr'><strong>seditionem</strong></span> <span class='ocrx_word' id='word_1_299' title='bbox 2017 3356 2121 3427; x_wconf 89' lang='lat' dir='ltr'><strong>parent</strong></span> <span class='ocrx_word' id='word_1_300' title='bbox 2144 3345 2251 3407; x_wconf 85' lang='lat' dir='ltr'><strong>adrer-</strong></span> 
     </span>
     <span class='ocr_line' id='line_1_28' title="bbox 406 3443 640 3508; baseline -0.009 -1"><span class='ocrx_word' id='word_1_301' title='bbox 406 3469 455 3507; x_wconf 90' lang='lat' dir='ltr'><strong>sus</strong></span> <span class='ocrx_word' id='word_1_302' title='bbox 475 3443 640 3508; x_wconf 87' lang='lat' dir='ltr'><strong>Caesarem.</strong></span> 
     </span>
     <span class='ocr_line' id='line_1_29' title="bbox 209 3520 2252 3635; baseline -0 -25"><span class='ocrx_word' id='word_1_303' title='bbox 209 3614 211 3620; x_wconf 67' lang='grc'><strong>,</strong></span> <span class='ocrx_word' id='word_1_304' title='bbox 265 3557 321 3627; x_wconf 77' lang='lat'><strong>14,</strong></span> <span class='ocrx_word' id='word_1_305' title='bbox 352 3546 461 3629; x_wconf 88' lang='lat' dir='ltr'><strong>Legati</strong></span> <span class='ocrx_word' id='word_1_306' title='bbox 474 3545 602 3608; x_wconf 90' lang='lat' dir='ltr'><strong>Norinb.</strong></span> <span class='ocrx_word' id='word_1_307' title='bbox 617 3544 813 3627; x_wconf 84' lang='lat' dir='ltr'><strong>apographon</strong></span> <span class='ocrx_word' id='word_1_308' title='bbox 826 3534 1041 3606; x_wconf 90' lang='lat' dir='ltr'><strong>confessionis</strong></span> <span class='ocrx_word' id='word_1_309' title='bbox 1037 3549 1221 3635; x_wconf 84' lang='lat' dir='ltr'><strong>germanicae</strong></span> <span class='ocrx_word' id='word_1_310' title='bbox 1235 3520 1403 3626; x_wconf 77' lang='lat' dir='ltr'><strong>accipiunt,</strong></span> <span class='ocrx_word' id='word_1_311' title='bbox 1426 3522 1518 3606; x_wconf 85' lang='lat' dir='ltr'><strong>sed</strong></span> <span class='ocrx_word' id='word_1_312' title='bbox 1494 3568 1558 3609; x_wconf 83' lang='lat' dir='ltr'><strong>stne</strong></span> <span class='ocrx_word' id='word_1_313' title='bbox 1568 3548 1698 3628; x_wconf 91' lang='lat' dir='ltr'><strong>prologo</strong></span> <span class='ocrx_word' id='word_1_314' title='bbox 1711 3559 1740 3608; x_wconf 89' lang='lat' dir='ltr'><strong>et</strong></span> <span class='ocrx_word' id='word_1_315' title='bbox 1753 3550 1894 3630; x_wconf 86' lang='lat' dir='ltr'><strong>epilogo,</strong></span> <span class='ocrx_word' id='word_1_316' title='bbox 1928 3550 1999 3631; x_wconf 84' lang='lat' dir='ltr'><strong>quia</strong></span> <span class='ocrx_word' id='word_1_317' title='bbox 2021 3564 2087 3630; x_wconf 88' lang='lat' dir='ltr'><strong>spes</strong></span> <span class='ocrx_word' id='word_1_318' title='bbox 2107 3561 2150 3609; x_wconf 89' lang='lat' dir='ltr'><strong>est</strong></span> <span class='ocrx_word' id='word_1_319' title='bbox 2173 3551 2252 3633; x_wconf 86' lang='lat' dir='ltr'><strong>fore,</strong></span> 
     </span>
     <span class='ocr_line' id='line_1_30' title="bbox 404 3644 2263 3732; baseline 0 -20"><span class='ocrx_word' id='word_1_320' title='bbox 404 3664 439 3712; x_wconf 90' lang='lat' dir='ltr'><strong>ut</strong></span> <span class='ocrx_word' id='word_1_321' title='bbox 455 3650 603 3711; x_wconf 91' lang='lat' dir='ltr'><strong>confessio</strong></span> <span class='ocrx_word' id='word_1_322' title='bbox 621 3650 757 3710; x_wconf 89' lang='lat' dir='ltr'><strong>omnium</strong></span> <span class='ocrx_word' id='word_1_323' title='bbox 770 3644 1002 3708; x_wconf 90' lang='lat' dir='ltr'><strong>Protestantium</strong></span> <span class='ocrx_word' id='word_1_324' title='bbox 1021 3652 1146 3710; x_wconf 90' lang='lat' dir='ltr'><strong>nomino</strong></span> <span class='ocrx_word' id='word_1_325' title='bbox 1166 3648 1342 3710; x_wconf 81' lang='lat' dir='ltr'><strong>exhibeatur</strong></span> <span class='ocrx_word' id='word_1_326' title='bbox 1356 3644 1498 3711; x_wconf 85' lang='lat' dir='ltr'><strong>Caesari.-</strong></span> <span class='ocrx_word' id='word_1_327' title='bbox 1536 3646 1695 3713; x_wconf 83' lang='lat' dir='ltr'><strong>Articulus</strong></span> <span class='ocrx_word' id='word_1_328' title='bbox 1718 3649 1755 3710; x_wconf 88' lang='lat' dir='ltr'><strong>de</strong></span> <span class='ocrx_word' id='word_1_329' title='bbox 1775 3649 1833 3711; x_wconf 86' lang='lat' dir='ltr'><strong>fide</strong></span> <span class='ocrx_word' id='word_1_330' title='bbox 1857 3661 1888 3711; x_wconf 91' lang='lat' dir='ltr'><strong>et</strong></span> <span class='ocrx_word' id='word_1_331' title='bbox 1914 3651 2084 3732; x_wconf 90' lang='lat' dir='ltr'><strong>operibus</strong></span> <span class='ocrx_word' id='word_1_332' title='bbox 2074 3673 2107 3712; x_wconf 91' lang='grc' dir='ltr'><strong>ιιι</strong></span> <span class='ocrx_word' id='word_1_333' title='bbox 2132 3650 2252 3712; x_wconf 85' lang='lat' dir='ltr'><strong>confes·</strong></span> <span class='ocrx_word' id='word_1_334' title='bbox 2257 3644 2263 3654; x_wconf 69' lang='grc'>’</span> 
     </span>
     <span class='ocr_line' id='line_1_31' title="bbox 324 3745 1959 3834; baseline 0 -20"><span class='ocrx_word' id='word_1_335' title='bbox 324 3790 327 3794; x_wconf 87' lang='grc'><em>·</em></span> <span class='ocrx_word' id='word_1_336' title='bbox 403 3757 488 3814; x_wconf 91' lang='lat' dir='ltr'><strong>sione</strong></span> <span class='ocrx_word' id='word_1_337' title='bbox 502 3755 670 3834; x_wconf 89' lang='lat' dir='ltr'><strong>germanica</strong></span> <span class='ocrx_word' id='word_1_338' title='bbox 679 3748 793 3834; x_wconf 69' lang='lat' dir='ltr'><strong>(quam</strong></span> <span class='ocrx_word' id='word_1_339' title='bbox 807 3752 899 3830; x_wconf 89' lang='lat' dir='ltr'><strong>legati</strong></span> <span class='ocrx_word' id='word_1_340' title='bbox 912 3749 942 3809; x_wconf 89' lang='lat' dir='ltr'><strong>d.</strong></span> <span class='ocrx_word' id='word_1_341' title='bbox 961 3749 1019 3816; x_wconf 85' lang='lat'><strong>16.</strong></span> <span class='ocrx_word' id='word_1_342' title='bbox 1031 3745 1102 3812; x_wconf 90' lang='lat' dir='ltr'><strong>Iun.</strong></span> <span class='ocrx_word' id='word_1_343' title='bbox 1117 3748 1336 3832; x_wconf 84' lang='lat' dir='ltr'><strong>Norinbergam</strong></span> <span class='ocrx_word' id='word_1_344' title='bbox 1348 3749 1491 3830; x_wconf 82' lang='lat' dir='ltr'><strong>mittrurt)</strong></span> <span class='ocrx_word' id='word_1_345' title='bbox 1505 3766 1567 3831; x_wconf 84' lang='lat' dir='ltr'><strong>est,</strong></span> <span class='ocrx_word' id='word_1_346' title='bbox 1591 3752 1644 3814; x_wconf 92' lang='lat' dir='ltr'><strong>sed</strong></span> <span class='ocrx_word' id='word_1_347' title='bbox 1656 3752 1817 3813; x_wconf 90' lang='lat' dir='ltr'><strong>nondum</strong></span> <span class='ocrx_word' id='word_1_348' title='bbox 1807 3775 1841 3813; x_wconf 89' lang='grc' dir='ltr'><strong>ιιι</strong></span> <span class='ocrx_word' id='word_1_349' title='bbox 1856 3755 1959 3819; x_wconf 86' lang='lat' dir='ltr'><strong>latina.</strong></span> 
     </span>
     <span class='ocr_line' id='line_1_32' title="bbox 265 3847 2250 3936; baseline -0.004 -17"><span class='ocrx_word' id='word_1_350' title='bbox 265 3867 322 3934; x_wconf 82' lang='lat'><strong>15.</strong></span> <span class='ocrx_word' id='word_1_351' title='bbox 355 3852 462 3919; x_wconf 88' lang='lat' dir='ltr'><strong>Caesar</strong></span> <span class='ocrx_word' id='word_1_352' title='bbox 473 3859 567 3917; x_wconf 86' lang='lat' dir='ltr'><strong>‘intrat</strong></span> <span class='ocrx_word' id='word_1_353' title='bbox 580 3852 752 3934; x_wconf 84' lang='lat' dir='ltr'><strong>Augustam</strong></span> <span class='ocrx_word' id='word_1_354' title='bbox 767 3865 797 3913; x_wconf 91' lang='lat' dir='ltr'><strong>et</strong></span> <span class='ocrx_word' id='word_1_355' title='bbox 812 3856 912 3912; x_wconf 88' lang='lat' dir='ltr'><strong>statim</strong></span> <span class='ocrx_word' id='word_1_356' title='bbox 924 3872 942 3911; x_wconf 90' lang='lat' dir='ltr'><strong>a</strong></span> <span class='ocrx_word' id='word_1_357' title='bbox 954 3848 1145 3934; x_wconf 86' lang='lat' dir='ltr'><strong>Principibus</strong></span> <span class='ocrx_word' id='word_1_358' title='bbox 1158 3850 1284 3914; x_wconf 87' lang='lat' dir='ltr'><strong>Protest.</strong></span> <span class='ocrx_word' id='word_1_359' title='bbox 1298 3848 1449 3936; x_wconf 77' lang='lat' dir='ltr'><strong>poshdat,</strong></span> <span class='ocrx_word' id='word_1_360' title='bbox 1480 3865 1516 3915; x_wconf 92' lang='lat' dir='ltr'><strong>ut</strong></span> <span class='ocrx_word' id='word_1_361' title='bbox 1536 3848 1653 3917; x_wconf 78' lang='lat' dir='ltr'><strong>taceam</strong></span> <span class='ocrx_word' id='word_1_362' title='bbox 1667 3875 1772 3917; x_wconf 89' lang='lat' dir='ltr'><strong>eorum</strong></span> <span class='ocrx_word' id='word_1_363' title='bbox 1788 3857 2023 3918; x_wconf 86' lang='lat' dir='ltr'><strong>concionatores.</strong></span> <span class='ocrx_word' id='word_1_364' title='bbox 2073 3847 2165 3928; x_wconf 88' lang='lat' dir='ltr'><strong>(Vid.</strong></span> <span class='ocrx_word' id='word_1_365' title='bbox 2179 3860 2250 3920; x_wconf 82' lang='lat' dir='ltr'><strong>uat-</strong></span> 
     </span>
     <span class='ocr_line' id='line_1_33' title="bbox 320 3950 1502 4040; baseline 0.002 -20"><span class='ocrx_word' id='word_1_366' title='bbox 320 4022 322 4029; x_wconf 73' lang='grc'><strong>,</strong></span> <span class='ocrx_word' id='word_1_367' title='bbox 405 3961 530 4036; x_wconf 90' lang='lat' dir='ltr'><strong>ratioin</strong></span> <span class='ocrx_word' id='word_1_368' title='bbox 547 3979 618 4040; x_wconf 86' lang='lat' dir='ltr'><strong>opp.</strong></span> <span class='ocrx_word' id='word_1_369' title='bbox 634 3953 732 4019; x_wconf 85' lang='lat' dir='ltr'><strong>Luth.</strong></span> <span class='ocrx_word' id='word_1_370' title='bbox 758 3952 878 4032; x_wconf 82' lang='lat' dir='ltr'><strong>Witeb.</strong></span> <span class='ocrx_word' id='word_1_371' title='bbox 894 3950 957 4014; x_wconf 88' lang='grc' dir='ltr'><strong>ΙΧ.</strong></span> <span class='ocrx_word' id='word_1_372' title='bbox 980 3977 1013 4036; x_wconf 92' lang='grc' dir='ltr'><strong>Ρ.</strong></span> <span class='ocrx_word' id='word_1_373' title='bbox 1032 3956 1116 4024; x_wconf 81' lang='grc'><strong>409.</strong></span> <span class='ocrx_word' id='word_1_374' title='bbox 1144 3953 1214 4017; x_wconf 86' lang='lat' dir='ltr'><strong>Hal.</strong></span> <span class='ocrx_word' id='word_1_375' title='bbox 1231 3951 1326 4017; x_wconf 88' lang='lat' dir='ltr'><strong>XVI.</strong></span> <span class='ocrx_word' id='word_1_376' title='bbox 1350 3978 1383 4036; x_wconf 89' lang='grc' dir='ltr'><strong>Ρ.</strong></span> <span class='ocrx_word' id='word_1_377' title='bbox 1401 3954 1502 4036; x_wconf 84' lang='grc'><strong>878.)</strong></span> 
     </span>
     <span class='ocr_line' id='line_1_34' title="bbox 267 4054 2250 4142; baseline -0.003 -18"><span class='ocrx_word' id='word_1_378' title='bbox 267 4075 323 4138; x_wconf 78' lang='grc'><strong>16.</strong></span> <span class='ocrx_word' id='word_1_379' title='bbox 356 4058 464 4124; x_wconf 88' lang='lat' dir='ltr'><strong>Caesar</strong></span> <span class='ocrx_word' id='word_1_380' title='bbox 479 4065 563 4139; x_wconf 80' lang='lat' dir='ltr'><strong>vult,</strong></span> <span class='ocrx_word' id='word_1_381' title='bbox 594 4073 629 4122; x_wconf 90' lang='lat' dir='ltr'><strong>ut</strong></span> <span class='ocrx_word' id='word_1_382' title='bbox 642 4055 841 4121; x_wconf 87' lang='lat' dir='ltr'><strong>Protestantes</strong></span> <span class='ocrx_word' id='word_1_383' title='bbox 856 4076 985 4138; x_wconf 89' lang='lat' dir='ltr'><strong>pompae</strong></span> <span class='ocrx_word' id='word_1_384' title='bbox 1000 4056 1195 4140; x_wconf 89' lang='lat' dir='ltr'><strong>dieoorporis</strong></span> <span class='ocrx_word' id='word_1_385' title='bbox 1211 4054 1323 4120; x_wconf 89' lang='lat' dir='ltr'><strong>Christi</strong></span> <span class='ocrx_word' id='word_1_386' title='bbox 1335 4079 1391 4138; x_wconf 91' lang='lat' dir='ltr'><strong>per</strong></span> <span class='ocrx_word' id='word_1_387' title='bbox 1404 4059 1511 4118; x_wconf 86' lang='lat' dir='ltr'><strong>urbem</strong></span> <span class='ocrx_word' id='word_1_388' title='bbox 1536 4058 1687 4122; x_wconf 88' lang='lat' dir='ltr'><strong>ducendae</strong></span> <span class='ocrx_word' id='word_1_389' title='bbox 1708 4061 1863 4138; x_wconf 86' lang='lat' dir='ltr'><strong>intersint,</strong></span> <span class='ocrx_word' id='word_1_390' title='bbox 1895 4058 1979 4142; x_wconf 87' lang='lat' dir='ltr'><strong>qnod</strong></span> <span class='ocrx_word' id='word_1_391' title='bbox 2001 4058 2035 4119; x_wconf 91' lang='lat' dir='ltr'><strong>hi</strong></span> <span class='ocrx_word' id='word_1_392' title='bbox 2054 4069 2173 4140; x_wconf 88' lang='lat' dir='ltr'><strong>negant.</strong></span> <span class='ocrx_word' id='word_1_393' title='bbox 2199 4095 2250 4111; x_wconf 93' lang='lat'><em>-</em></span> 
     </span>
     <span class='ocr_line' id='line_1_35' title="bbox 382 4157 2231 4245; baseline -0.004 -20"><span class='ocrx_word' id='word_1_394' title='bbox 382 4195 384 4197; x_wconf 91' lang='lat'>·</span> <span class='ocrx_word' id='word_1_395' title='bbox 405 4160 516 4244; x_wconf 88' lang='lat' dir='ltr'><strong>Legati</strong></span> <span class='ocrx_word' id='word_1_396' title='bbox 529 4159 794 4242; x_wconf 82' lang='lat' dir='ltr'><strong>Argentoratenses</strong></span> <span class='ocrx_word' id='word_1_397' title='bbox 807 4173 973 4242; x_wconf 90' lang='lat' dir='ltr'><strong>queruntur</strong></span> <span class='ocrx_word' id='word_1_398' title='bbox 986 4159 1023 4219; x_wconf 88' lang='lat' dir='ltr'><strong>de</strong></span> <span class='ocrx_word' id='word_1_399' title='bbox 1036 4157 1247 4238; x_wconf 85' lang='lat' dir='ltr'><strong>Melanthone,</strong></span> <span class='ocrx_word' id='word_1_400' title='bbox 1274 4163 1328 4245; x_wconf 92' lang='lat' dir='ltr'><strong>qui</strong></span> <span class='ocrx_word' id='word_1_401' title='bbox 1339 4159 1454 4221; x_wconf 90' lang='lat' dir='ltr'><strong>famam</strong></span> <span class='ocrx_word' id='word_1_402' title='bbox 1468 4175 1602 4244; x_wconf 86' lang='lat' dir='ltr'><strong>spargat,</strong></span> <span class='ocrx_word' id='word_1_403' title='bbox 1622 4185 1654 4224; x_wconf 90' lang='lat' dir='ltr'><strong>se</strong></span> <span class='ocrx_word' id='word_1_404' title='bbox 1667 4164 1783 4237; x_wconf 88' lang='lat' dir='ltr'><strong>bellum</strong></span> <span class='ocrx_word' id='word_1_405' title='bbox 1795 4182 1899 4242; x_wconf 89' lang='lat' dir='ltr'><strong>parare</strong></span> <span class='ocrx_word' id='word_1_406' title='bbox 1907 4161 2052 4224; x_wconf 81' lang='lat' dir='ltr'><strong>adversus</strong></span> <span class='ocrx_word' id='word_1_407' title='bbox 2068 4157 2231 4224; x_wconf 89' lang='lat' dir='ltr'><strong>Caesarem.</strong></span> 
     </span>
     <span class='ocr_line' id='line_1_36' title="bbox 266 4258 2249 4348; baseline -0.004 -20"><span class='ocrx_word' id='word_1_408' title='bbox 266 4277 322 4341; x_wconf 81' lang='lat'><strong>17.</strong></span> <span class='ocrx_word' id='word_1_409' title='bbox 356 4264 504 4348; x_wconf 86' lang='lat' dir='ltr'><strong>Epilogus</strong></span> <span class='ocrx_word' id='word_1_410' title='bbox 520 4266 715 4325; x_wconf 88' lang='lat' dir='ltr'><strong>confessionis</strong></span> <span class='ocrx_word' id='word_1_411' title='bbox 731 4262 867 4322; x_wconf 80' lang='lat' dir='ltr'><strong>nondum</strong></span> <span class='ocrx_word' id='word_1_412' title='bbox 882 4273 926 4322; x_wconf 89' lang='lat' dir='ltr'><strong>est</strong></span> <span class='ocrx_word' id='word_1_413' title='bbox 942 4264 1079 4343; x_wconf 85' lang='lat' dir='ltr'><strong>scriptus.</strong></span> <span class='ocrx_word' id='word_1_414' title='bbox 1105 4296 1157 4308; x_wconf 94' lang='lat'>—</span> <span class='ocrx_word' id='word_1_415' title='bbox 1205 4259 1382 4343; x_wconf 89' lang='lat' dir='ltr'><strong>Principum</strong></span> <span class='ocrx_word' id='word_1_416' title='bbox 1395 4258 1628 4326; x_wconf 84' lang='lat' dir='ltr'><strong>Protestantinm</strong></span> <span class='ocrx_word' id='word_1_417' title='bbox 1643 4282 1821 4344; x_wconf 85' lang='lat' dir='ltr'><strong>responsum</strong></span> <span class='ocrx_word' id='word_1_418' title='bbox 1841 4263 1880 4323; x_wconf 90' lang='lat' dir='ltr'><strong>ad</strong></span> <span class='ocrx_word' id='word_1_419' title='bbox 1894 4259 2049 4326; x_wconf 87' lang='lat' dir='ltr'><strong>Caesarem</strong></span> <span class='ocrx_word' id='word_1_420' title='bbox 2069 4261 2107 4321; x_wconf 90' lang='lat' dir='ltr'><strong>de</strong></span> <span class='ocrx_word' id='word_1_421' title='bbox 2124 4264 2249 4322; x_wconf 59' lang='lat' dir='ltr'><strong>concio*</strong></span> 
     </span>
     <span class='ocr_line' id='line_1_37' title="bbox 406 4354 2247 4449; baseline -0.004 -19"><span class='ocrx_word' id='word_1_422' title='bbox 406 4371 496 4430; x_wconf 90' lang='lat' dir='ltr'><strong>nibus</strong></span> <span class='ocrx_word' id='word_1_423' title='bbox 516 4354 604 4428; x_wconf 72' lang='lat' dir='ltr'><strong>sacris</strong></span> <span class='ocrx_word' id='word_1_424' title='bbox 628 4388 691 4427; x_wconf 90' lang='lat' dir='ltr'><strong>non</strong></span> <span class='ocrx_word' id='word_1_425' title='bbox 713 4363 952 4429; x_wconf 81' lang='lat' dir='ltr'><strong>intermittendis.</strong></span> <span class='ocrx_word' id='word_1_426' title='bbox 999 4361 1144 4442; x_wconf 82' lang='lat' dir='ltr'><strong>(Editum</strong></span> <span class='ocrx_word' id='word_1_427' title='bbox 1164 4368 1199 4425; x_wconf 91' lang='lat' dir='ltr'><strong>in</strong></span> <span class='ocrx_word' id='word_1_428' title='bbox 1215 4362 1364 4446; x_wconf 87' lang='lat' dir='ltr'><strong>Spalatini</strong></span> <span class='ocrx_word' id='word_1_429' title='bbox 1386 4368 1484 4424; x_wconf 87' lang='lat' dir='ltr'><strong>annal.</strong></span> <span class='ocrx_word' id='word_1_430' title='bbox 1500 4385 1532 4444; x_wconf 91' lang='lat' dir='ltr'><strong>p.</strong></span> <span class='ocrx_word' id='word_1_431' title='bbox 1546 4368 1630 4430; x_wconf 89' lang='grc'><strong>201.</strong></span> <span class='ocrx_word' id='word_1_432' title='bbox 1649 4363 1730 4444; x_wconf 86' lang='lat' dir='ltr'><strong>aptrd</strong></span> <span class='ocrx_word' id='word_1_433' title='bbox 1746 4359 1931 4445; x_wconf 75' lang='lat' dir='ltr'><strong>Chytraeum</strong></span> <span class='ocrx_word' id='word_1_434' title='bbox 1947 4385 1979 4446; x_wconf 88' lang='grc' dir='ltr'><strong>Ρ.</strong></span> <span class='ocrx_word' id='word_1_435' title='bbox 1992 4363 2066 4432; x_wconf 74' lang='grc' dir='ltr'><strong>41.ι</strong></span> <span class='ocrx_word' id='word_1_436' title='bbox 2087 4359 2247 4449; x_wconf 86' lang='lat' dir='ltr'><strong>Coelestin.</strong></span> 
     </span>
     <span class='ocr_line' id='line_1_38' title="bbox 297 4454 2249 4553; baseline 0 -21"><span class='ocrx_word' id='word_1_437' title='bbox 297 4506 300 4511; x_wconf 19' lang='grc' dir='ltr'><strong>Α</strong></span> <span class='ocrx_word' id='word_1_438' title='bbox 407 4466 433 4534; x_wconf 90' lang='grc' dir='ltr'><strong>Ι.</strong></span> <span class='ocrx_word' id='word_1_439' title='bbox 451 4495 485 4553; x_wconf 82' lang='grc' dir='ltr'><strong>Ρ.</strong></span> <span class='ocrx_word' id='word_1_440' title='bbox 503 4475 570 4552; x_wconf 57' lang='grc' dir='ltr'><strong>86ς</strong></span> <span class='ocrx_word' id='word_1_441' title='bbox 585 4467 769 4530; x_wconf 83' lang='lat' dir='ltr'><strong>Muellerum</strong></span> <span class='ocrx_word' id='word_1_442' title='bbox 783 4489 815 4548; x_wconf 88' lang='grc' dir='ltr'><strong>Ρ.</strong></span> <span class='ocrx_word' id='word_1_443' title='bbox 832 4468 916 4533; x_wconf 85' lang='grc'><strong>688.</strong></span> <span class='ocrx_word' id='word_1_444' title='bbox 941 4477 972 4526; x_wconf 84' lang='grc' dir='ltr'><strong>ιι</strong></span> <span class='ocrx_word' id='word_1_445' title='bbox 988 4487 1028 4528; x_wconf 88' lang='lat' dir='ltr'><strong>ex</strong></span> <span class='ocrx_word' id='word_1_446' title='bbox 1039 4464 1188 4529; x_wconf 72' lang='lat' dir='ltr'><strong>Muellmo</strong></span> <span class='ocrx_word' id='word_1_447' title='bbox 1205 4468 1286 4550; x_wconf 90' lang='lat' dir='ltr'><strong>apud</strong></span> <span class='ocrx_word' id='word_1_448' title='bbox 1298 4464 1427 4536; x_wconf 77' lang='lat' dir='ltr'><strong>Waloh.</strong></span> <span class='ocrx_word' id='word_1_449' title='bbox 1440 4467 1474 4524; x_wconf 93' lang='lat' dir='ltr'><strong>in</strong></span> <span class='ocrx_word' id='word_1_450' title='bbox 1493 4479 1565 4547; x_wconf 83' lang='lat' dir='ltr'><strong>opp.</strong></span> <span class='ocrx_word' id='word_1_451' title='bbox 1581 4460 1679 4530; x_wconf 86' lang='lat' dir='ltr'><strong>Luth.</strong></span> <span class='ocrx_word' id='word_1_452' title='bbox 1695 4461 1790 4527; x_wconf 80' lang='lat' dir='ltr'><strong>XVI.</strong></span> <span class='ocrx_word' id='word_1_453' title='bbox 1809 4463 1910 4545; x_wconf 89' lang='grc'><strong>881.)</strong></span> <span class='ocrx_word' id='word_1_454' title='bbox 2246 4454 2249 4460; x_wconf 41' lang='grc'><strong><em>’</em></strong></span> 
     </span>
     <span class='ocr_line' id='line_1_39' title="bbox 270 4565 1752 4651; baseline -0.005 -16"><span class='ocrx_word' id='word_1_455' title='bbox 270 4588 325 4651; x_wconf 75' lang='lat'><strong>15,</strong></span> <span class='ocrx_word' id='word_1_456' title='bbox 358 4571 463 4635; x_wconf 87' lang='lat' dir='ltr'><strong>Caesar</strong></span> <span class='ocrx_word' id='word_1_457' title='bbox 477 4572 647 4650; x_wconf 86' lang='lat' dir='ltr'><strong>interdicit,</strong></span> <span class='ocrx_word' id='word_1_458' title='bbox 673 4592 712 4631; x_wconf 88' lang='lat' dir='ltr'><strong>ne</strong></span> <span class='ocrx_word' id='word_1_459' title='bbox 727 4574 807 4632; x_wconf 90' lang='lat' dir='ltr'><strong>ullae</strong></span> <span class='ocrx_word' id='word_1_460' title='bbox 822 4572 946 4629; x_wconf 89' lang='lat' dir='ltr'><strong>omniuo</strong></span> <span class='ocrx_word' id='word_1_461' title='bbox 963 4573 1122 4630; x_wconf 88' lang='lat' dir='ltr'><strong>conciones</strong></span> <span class='ocrx_word' id='word_1_462' title='bbox 1138 4590 1236 4631; x_wconf 89' lang='lat' dir='ltr'><strong>sacrae</strong></span> <span class='ocrx_word' id='word_1_463' title='bbox 1249 4570 1369 4651; x_wconf 88' lang='lat' dir='ltr'><strong>publice</strong></span> <span class='ocrx_word' id='word_1_464' title='bbox 1385 4565 1550 4629; x_wconf 86' lang='lat' dir='ltr'><strong>habeantur</strong></span> <span class='ocrx_word' id='word_1_465' title='bbox 1563 4571 1596 4629; x_wconf 92' lang='lat' dir='ltr'><strong>in</strong></span> <span class='ocrx_word' id='word_1_466' title='bbox 1612 4570 1752 4630; x_wconf 87' lang='lat' dir='ltr'><strong>comitiis.</strong></span> 
     </span>
    </p>
   </div>
   <div class='ocr_carea' id='block_1_7' title="bbox 266 4695 2251 5304">
    <p class='ocr_par' dir='ltr' id='par_1_10' title="bbox 266 4695 2250 4888">
     <span class='ocr_line' id='line_1_40' title="bbox 266 4695 2250 4784; baseline -0.004 -16"><span class='ocrx_word' id='word_1_467' title='bbox 266 4723 325 4784; x_wconf 78' lang='lat'><strong>20.</strong></span> <span class='ocrx_word' id='word_1_468' title='bbox 357 4704 484 4768; x_wconf 86' lang='lat' dir='ltr'><strong>Initium</strong></span> <span class='ocrx_word' id='word_1_469' title='bbox 506 4702 719 4768; x_wconf 86' lang='lat' dir='ltr'><strong>Comitiorum.</strong></span> <span class='ocrx_word' id='word_1_470' title='bbox 742 4736 793 4750; x_wconf 91' lang='lat'>-</span> <span class='ocrx_word' id='word_1_471' title='bbox 843 4698 976 4783; x_wconf 89' lang='lat' dir='ltr'><strong>Legatus</strong></span> <span class='ocrx_word' id='word_1_472' title='bbox 998 4706 1186 4783; x_wconf 87' lang='lat' dir='ltr'><strong>pontificius,</strong></span> <span class='ocrx_word' id='word_1_473' title='bbox 1217 4699 1399 4764; x_wconf 86' lang='lat' dir='ltr'><strong>Vincentius</strong></span> <span class='ocrx_word' id='word_1_474' title='bbox 1419 4698 1636 4783; x_wconf 63' lang='lat' dir='ltr'><strong>Pimmuellus,</strong></span> <span class='ocrx_word' id='word_1_475' title='bbox 1661 4706 1827 4764; x_wconf 90' lang='lat' dir='ltr'><strong>orationem</strong></span> <span class='ocrx_word' id='word_1_476' title='bbox 1847 4700 1938 4762; x_wconf 83' lang='lat' dir='ltr'><strong>habet</strong></span> <span class='ocrx_word' id='word_1_477' title='bbox 1958 4710 2058 4761; x_wconf 76' lang='lat' dir='ltr'><strong>corant</strong></span> <span class='ocrx_word' id='word_1_478' title='bbox 2074 4695 2195 4762; x_wconf 86' lang='lat' dir='ltr'><strong>Caesare</strong></span> <span class='ocrx_word' id='word_1_479' title='bbox 2221 4713 2250 4760; x_wconf 90' lang='lat' dir='ltr'><strong>et</strong></span> 
     </span>
     <span class='ocr_line' id='line_1_41' title="bbox 410 4799 1592 4888; baseline -0.008 -16"><span class='ocrx_word' id='word_1_480' title='bbox 410 4806 578 4872; x_wconf 90' lang='lat' dir='ltr'><strong>Ordinibus</strong></span> <span class='ocrx_word' id='word_1_481' title='bbox 591 4813 625 4879; x_wconf 88' lang='lat' dir='ltr'><strong>in</strong></span> <span class='ocrx_word' id='word_1_482' title='bbox 639 4810 765 4888; x_wconf 68' lang='lat' dir='ltr'><strong>templo,</strong></span> <span class='ocrx_word' id='word_1_483' title='bbox 817 4801 961 4886; x_wconf 87' lang='lat' dir='ltr'><strong>(Legitur</strong></span> <span class='ocrx_word' id='word_1_484' title='bbox 976 4805 1058 4885; x_wconf 86' lang='lat' dir='ltr'><strong>apud</strong></span> <span class='ocrx_word' id='word_1_485' title='bbox 1074 4799 1276 4867; x_wconf 90' lang='lat' dir='ltr'><strong>Coelestin.I.</strong></span> <span class='ocrx_word' id='word_1_486' title='bbox 1302 4827 1335 4885; x_wconf 90' lang='lat' dir='ltr'><strong>p.</strong></span> <span class='ocrx_word' id='word_1_487' title='bbox 1357 4800 1476 4882; x_wconf 83' lang='grc'><strong>106.)·</strong></span> <span class='ocrx_word' id='word_1_488' title='bbox 1507 4852 1511 4861; x_wconf 87' lang='grc'><strong>.</strong></span> <span class='ocrx_word' id='word_1_489' title='bbox 1585 4842 1592 4851; x_wconf 83' lang='grc'><strong>-</strong></span> 
     </span>
    </p>

    <p class='ocr_par' dir='ltr' id='par_1_11' title="bbox 360 4895 2250 4994">
     <span class='ocr_line' id='line_1_42' title="bbox 360 4895 2250 4994; baseline -0.004 -21"><span class='ocrx_word' id='word_1_490' title='bbox 360 4909 414 4973; x_wconf 86' lang='lat' dir='ltr'><strong>Per</strong></span> <span class='ocrx_word' id='word_1_491' title='bbox 431 4908 634 4988; x_wconf 82' lang='lat' dir='ltr'><strong>Priderlcum‚</strong></span> <span class='ocrx_word' id='word_1_492' title='bbox 668 4906 820 4972; x_wconf 90' lang='lat' dir='ltr'><strong>Comitem</strong></span> <span class='ocrx_word' id='word_1_493' title='bbox 831 4906 1020 4992; x_wconf 86' lang='lat' dir='ltr'><strong>Palatinum,</strong></span> <span class='ocrx_word' id='word_1_494' title='bbox 1052 4903 1184 4973; x_wconf 88' lang='lat' dir='ltr'><strong>Caesaris</strong></span> <span class='ocrx_word' id='word_1_495' title='bbox 1203 4908 1442 4994; x_wconf 79' lang='lat' dir='ltr'><strong>internuntium,</strong></span> <span class='ocrx_word' id='word_1_496' title='bbox 1469 4907 1681 4987; x_wconf 83' lang='lat' dir='ltr'><strong>praeleguntur</strong></span> <span class='ocrx_word' id='word_1_497' title='bbox 1694 4902 1884 4987; x_wconf 87' lang='lat' dir='ltr'><strong>Principibus</strong></span> <span class='ocrx_word' id='word_1_498' title='bbox 1906 4919 1935 4965; x_wconf 89' lang='lat' dir='ltr'><strong>et</strong></span> <span class='ocrx_word' id='word_1_499' title='bbox 1952 4901 2120 4967; x_wconf 89' lang='lat' dir='ltr'><strong>Ordinibus</strong></span> <span class='ocrx_word' id='word_1_500' title='bbox 2132 4895 2250 4989; x_wconf 88' lang='lat' dir='ltr'><strong>propo-</strong></span> 
     </span>
    </p>

    <p class='ocr_par' dir='ltr' id='par_1_12' title="bbox 328 5005 2250 5097">
     <span class='ocr_line' id='line_1_43' title="bbox 328 5005 2250 5097; baseline -0.002 -25"><span class='ocrx_word' id='word_1_501' title='bbox 328 5040 330 5042; x_wconf 52' lang='grc'>’</span> <span class='ocrx_word' id='word_1_502' title='bbox 410 5018 531 5073; x_wconf 88' lang='lat' dir='ltr'><strong>sitiones</strong></span> <span class='ocrx_word' id='word_1_503' title='bbox 545 5009 694 5089; x_wconf 85' lang='lat' dir='ltr'><strong>Caesaris,</strong></span> <span class='ocrx_word' id='word_1_504' title='bbox 728 5010 867 5071; x_wconf 82' lang='lat' dir='ltr'><strong>videlicet</strong></span> <span class='ocrx_word' id='word_1_505' title='bbox 884 5009 921 5070; x_wconf 89' lang='lat' dir='ltr'><strong>de</strong></span> <span class='ocrx_word' id='word_1_506' title='bbox 936 5011 1057 5068; x_wconf 86' lang='lat' dir='ltr'><strong>auxiliis</strong></span> <span class='ocrx_word' id='word_1_507' title='bbox 1070 5008 1223 5085; x_wconf 85' lang='lat' dir='ltr'><strong>mittendis</strong></span> <span class='ocrx_word' id='word_1_508' title='bbox 1238 5021 1341 5097; x_wconf 80' lang='lat' dir='ltr'><strong>contra</strong></span> <span class='ocrx_word' id='word_1_509' title='bbox 1354 5005 1488 5087; x_wconf 87' lang='lat' dir='ltr'><strong>Turces,</strong></span> <span class='ocrx_word' id='word_1_510' title='bbox 1517 5021 1547 5069; x_wconf 85' lang='lat' dir='ltr'><strong>et</strong></span> <span class='ocrx_word' id='word_1_511' title='bbox 1562 5008 1600 5071; x_wconf 89' lang='lat' dir='ltr'><strong>de</strong></span> <span class='ocrx_word' id='word_1_512' title='bbox 1616 5008 1831 5088; x_wconf 90' lang='lat' dir='ltr'><strong>componendis</strong></span> <span class='ocrx_word' id='word_1_513' title='bbox 1846 5009 1997 5095; x_wconf 79' lang='lat' dir='ltr'><strong>litibusiu</strong></span> <span class='ocrx_word' id='word_1_514' title='bbox 2017 5028 2107 5071; x_wconf 91' lang='lat' dir='ltr'><strong>causa</strong></span> <span class='ocrx_word' id='word_1_515' title='bbox 2125 5011 2250 5089; x_wconf 87' lang='lat' dir='ltr'><strong>religio-</strong></span> 
     </span>
    </p>

    <p class='ocr_par' dir='ltr' id='par_1_13' title="bbox 407 5078 2249 5195">
     <span class='ocr_line' id='line_1_44' title="bbox 407 5078 2249 5195; baseline -0.001 -21"><span class='ocrx_word' id='word_1_516' title='bbox 407 5120 464 5175; x_wconf 89' lang='lat' dir='ltr'><strong>nis.</strong></span> <span class='ocrx_word' id='word_1_517' title='bbox 516 5111 687 5195; x_wconf 79' lang='lat' dir='ltr'><strong>(integrum</strong></span> <span class='ocrx_word' id='word_1_518' title='bbox 701 5118 846 5193; x_wconf 88' lang='lat' dir='ltr'><strong>scriptum</strong></span> <span class='ocrx_word' id='word_1_519' title='bbox 859 5111 920 5170; x_wconf 81' lang='lat' dir='ltr'><strong>vid.</strong></span> <span class='ocrx_word' id='word_1_520' title='bbox 938 5109 1018 5190; x_wconf 90' lang='lat' dir='ltr'><strong>apud</strong></span> <span class='ocrx_word' id='word_1_521' title='bbox 1033 5104 1195 5175; x_wconf 90' lang='lat' dir='ltr'><strong>Coelestin.</strong></span> <span class='ocrx_word' id='word_1_522' title='bbox 1213 5123 1242 5170; x_wconf 91' lang='lat' dir='ltr'><strong>et</strong></span> <span class='ocrx_word' id='word_1_523' title='bbox 1258 5078 1442 5193; x_wconf 67' lang='lat' dir='ltr'><strong>Chp‘uaeum</strong></span> <span class='ocrx_word' id='word_1_524' title='bbox 1456 5113 1531 5172; x_wconf 88' lang='lat' dir='ltr'><strong>etin</strong></span> <span class='ocrx_word' id='word_1_525' title='bbox 1549 5131 1620 5194; x_wconf 91' lang='lat' dir='ltr'><strong>opp.</strong></span> <span class='ocrx_word' id='word_1_526' title='bbox 1612 5107 1732 5172; x_wconf 84' lang='lat' dir='ltr'><strong>..Luth</strong></span> <span class='ocrx_word' id='word_1_527' title='bbox 1746 5108 1818 5172; x_wconf 81' lang='lat' dir='ltr'><strong>Hal.</strong></span> <span class='ocrx_word' id='word_1_528' title='bbox 1832 5104 1928 5172; x_wconf 73' lang='lat' dir='ltr'><strong>XVI·</strong></span> <span class='ocrx_word' id='word_1_529' title='bbox 1920 5133 1974 5194; x_wconf 93' lang='grc' dir='ltr'><strong>Ρ.</strong></span> <span class='ocrx_word' id='word_1_530' title='bbox 1992 5114 2076 5179; x_wconf 81' lang='grc'><strong>928</strong></span> <span class='ocrx_word' id='word_1_531' title='bbox 2092 5141 2144 5157; x_wconf 88' lang='lat'><strong>·-</strong></span> <span class='ocrx_word' id='word_1_532' title='bbox 2185 5106 2249 5173; x_wconf 86' lang='lat' dir='ltr'><strong>Po-</strong></span> 
     </span>
    </p>

    <p class='ocr_par' dir='ltr' id='par_1_14' title="bbox 339 5206 2251 5304">
     <span class='ocr_line' id='line_1_45' title="bbox 339 5206 2251 5304; baseline -0.004 -23"><span class='ocrx_word' id='word_1_533' title='bbox 339 5207 341 5211; x_wconf 48' lang='grc'><strong>’</strong></span> <span class='ocrx_word' id='word_1_534' title='bbox 410 5221 564 5281; x_wconf 87' lang='lat' dir='ltr'><strong>steriorem</strong></span> <span class='ocrx_word' id='word_1_535' title='bbox 578 5230 694 5298; x_wconf 89' lang='lat' dir='ltr'><strong>partem</strong></span> <span class='ocrx_word' id='word_1_536' title='bbox 706 5216 842 5279; x_wconf 88' lang='lat' dir='ltr'><strong>habesin</strong></span> <span class='ocrx_word' id='word_1_537' title='bbox 857 5231 928 5292; x_wconf 86' lang='lat' dir='ltr'><strong>opp·</strong></span> <span class='ocrx_word' id='word_1_538' title='bbox 920 5206 1038 5273; x_wconf 85' lang='lat' dir='ltr'><strong>·Luth.</strong></span> <span class='ocrx_word' id='word_1_539' title='bbox 1048 5210 1173 5295; x_wconf 89' lang='lat' dir='ltr'><strong>Witeb.</strong></span> <span class='ocrx_word' id='word_1_540' title='bbox 1184 5208 1248 5297; x_wconf 89' lang='grc' dir='ltr'><strong>ΙΧ.</strong></span> <span class='ocrx_word' id='word_1_541' title='bbox 1240 5236 1294 5295; x_wconf 94' lang='lat' dir='ltr'><strong>p.</strong></span> <span class='ocrx_word' id='word_1_542' title='bbox 1302 5213 1395 5288; x_wconf 79' lang='grc'><strong>442.</strong></span> <span class='ocrx_word' id='word_1_543' title='bbox 1418 5207 1484 5277; x_wconf 85' lang='lat' dir='ltr'><strong>Ian.</strong></span> <span class='ocrx_word' id='word_1_544' title='bbox 1497 5209 1540 5276; x_wconf 87' lang='lat' dir='ltr'><strong>V.</strong></span> <span class='ocrx_word' id='word_1_545' title='bbox 1552 5236 1600 5304; x_wconf 95' lang='grc' dir='ltr'><strong>Ρ</strong></span> <span class='ocrx_word' id='word_1_546' title='bbox 1579 5218 1691 5282; x_wconf 84' lang='grc'><strong>..271</strong></span> <span class='ocrx_word' id='word_1_547' title='bbox 1703 5208 1839 5279; x_wconf 75' lang='lat' dir='ltr'><strong>Altenb.</strong></span> <span class='ocrx_word' id='word_1_548' title='bbox 1850 5209 1893 5275; x_wconf 91' lang='lat' dir='ltr'><strong>V.</strong></span> <span class='ocrx_word' id='word_1_549' title='bbox 1909 5233 1942 5294; x_wconf 93' lang='grc' dir='ltr'><strong>Ρ.</strong></span> <span class='ocrx_word' id='word_1_550' title='bbox 1933 5207 2251 5299; x_wconf 76' lang='grc' dir='ltr'><strong>.226.1.1Ρι.ΧΧ.</strong></span> 
     </span>
    </p>
   </div>
   <div class='ocr_carea' id='block_1_8' title="bbox 361 5311 2102 5519">
    <p class='ocr_par' dir='ltr' id='par_1_15' title="bbox 361 5311 2057 5504">
     <span class='ocr_line' id='line_1_46' title="bbox 410 5311 1105 5401; baseline -0.017 -19"><span class='ocrx_word' id='word_1_551' title='bbox 410 5342 442 5401; x_wconf 92' lang='lat' dir='ltr'><strong>p.</strong></span> <span class='ocrx_word' id='word_1_552' title='bbox 461 5326 545 5388; x_wconf 82' lang='grc'><strong>218.</strong></span> <span class='ocrx_word' id='word_1_553' title='bbox 563 5334 592 5380; x_wconf 88' lang='grc' dir='ltr'><strong>ιι</strong></span> <span class='ocrx_word' id='word_1_554' title='bbox 606 5319 688 5400; x_wconf 88' lang='lat' dir='ltr'><strong>apud</strong></span> <span class='ocrx_word' id='word_1_555' title='bbox 700 5316 931 5395; x_wconf 86' lang='lat' dir='ltr'><strong>Muellerump.</strong></span> <span class='ocrx_word' id='word_1_556' title='bbox 948 5311 1105 5394; x_wconf 85' lang='lat'><strong>664.)</strong></span> 
     </span>
     <span class='ocr_line' id='line_1_47' title="bbox 361 5375 2102 5519; baseline -0.002 -35"><span class='ocrx_word' id='word_1_557' title='bbox 361 5422 433 5484; x_wconf 87' lang='lat' dir='ltr'><strong>Mel.</strong></span> <span class='ocrx_word' id='word_1_558' title='bbox 451 5427 593 5504; x_wconf 77' lang='lat' dir='ltr'><strong>privatim</strong></span> <span class='ocrx_word' id='word_1_559' title='bbox 605 5426 668 5502; x_wconf 87' lang='lat' dir='ltr'><strong>agit</strong></span> <span class='ocrx_word' id='word_1_560' title='bbox 684 5441 754 5483; x_wconf 89' lang='lat' dir='ltr'><strong>cum</strong></span> <span class='ocrx_word' id='word_1_561' title='bbox 766 5415 947 5494; x_wconf 87' lang='lat' dir='ltr'><strong>Waldesio,</strong></span> <span class='ocrx_word' id='word_1_562' title='bbox 977 5411 1109 5489; x_wconf 85' lang='lat' dir='ltr'><strong>Caesaris</strong></span> <span class='ocrx_word' id='word_1_563' title='bbox 1122 5386 1299 5503; x_wconf 79' lang='lat' dir='ltr'><strong>secretario,</strong></span> <span class='ocrx_word' id='word_1_564' title='bbox 1330 5376 1368 5477; x_wconf 90' lang='lat' dir='ltr'><strong>de</strong></span> <span class='ocrx_word' id='word_1_565' title='bbox 1385 5416 1565 5519; x_wconf 75' lang='lat' dir='ltr'><strong>restituenda</strong></span> <span class='ocrx_word' id='word_1_566' title='bbox 1579 5397 1763 5481; x_wconf 82' lang='lat' dir='ltr'><strong>concordia</strong></span> <span class='ocrx_word' id='word_1_567' title='bbox 1754 5399 1795 5480; x_wconf 79' lang='grc' dir='ltr'><strong>ιιι</strong></span> <span class='ocrx_word' id='word_1_568' title='bbox 1801 5439 1888 5482; x_wconf 90' lang='lat' dir='ltr'><strong>causa</strong></span> <span class='ocrx_word' id='word_1_569' title='bbox 1902 5375 2102 5507; x_wconf 73' lang='lat' dir='ltr'><strong>religionis</strong></span> 
     </span>
    </p>
   </div>
   <div class='ocr_carea' id='block_1_9' title="bbox 269 5514 1552 5639">
    <p class='ocr_par' dir='ltr' id='par_1_16' title="bbox 269 5514 1552 5639">
     <span class='ocr_line' id='line_1_48' title="bbox 269 5514 1552 5639; baseline -0.014 -13"><span class='ocrx_word' id='word_1_570' title='bbox 269 5563 327 5626; x_wconf 91' lang='grc'><strong>21.</strong></span> <span class='ocrx_word' id='word_1_571' title='bbox 360 5555 528 5639; x_wconf 89' lang='lat' dir='ltr'><strong>Episcopus</strong></span> <span class='ocrx_word' id='word_1_572' title='bbox 545 5548 778 5635; x_wconf 80' lang='lat' dir='ltr'><strong>Salisbu&#39;rgensis</strong></span> <span class='ocrx_word' id='word_1_573' title='bbox 793 5553 979 5632; x_wconf 87' lang='lat' dir='ltr'><strong>colloquitur</strong></span> <span class='ocrx_word' id='word_1_574' title='bbox 997 5553 1228 5631; x_wconf 83' lang='lat' dir='ltr'><strong>prir‘atimumn</strong></span> <span class='ocrx_word' id='word_1_575' title='bbox 1236 5514 1463 5613; x_wconf 64' lang='lat' dir='ltr'><strong>Menatem·</strong></span> <span class='ocrx_word' id='word_1_576' title='bbox 1542 5586 1552 5597; x_wconf 84' lang='grc'><strong>.</strong></span> 
     </span>
    </p>
   </div>
   <div class='ocr_carea' id='block_1_10' title="bbox 271 5654 1804 5759">
    <p class='ocr_par' dir='ltr' id='par_1_17' title="bbox 271 5641 1847 5759">
     <span class='ocr_line' id='line_1_49' title="bbox 271 5654 1804 5759; baseline -0.018 0"><span class='ocrx_word' id='word_1_577' title='bbox 271 5697 328 5759; x_wconf 78' lang='grc'><strong>28.</strong></span> <span class='ocrx_word' id='word_1_578' title='bbox 363 5687 555 5752; x_wconf 82' lang='lat' dir='ltr'><strong>Conveniunt</strong></span> <span class='ocrx_word' id='word_1_579' title='bbox 570 5686 769 5750; x_wconf 89' lang='lat' dir='ltr'><strong>Protestantes</strong></span> <span class='ocrx_word' id='word_1_580' title='bbox 783 5698 813 5748; x_wconf 91' lang='lat' dir='ltr'><strong>et</strong></span> <span class='ocrx_word' id='word_1_581' title='bbox 826 5678 1013 5750; x_wconf 87' lang='lat' dir='ltr'><strong>confessioni</strong></span> <span class='ocrx_word' id='word_1_582' title='bbox 1021 5682 1151 5748; x_wconf 77' lang='lat' dir='ltr'><strong>nomina·</strong></span> <span class='ocrx_word' id='word_1_583' title='bbox 1160 5654 1426 5750; x_wconf 75' lang='lat' dir='ltr'><strong>s&#39;bbs&#39;diib&#39;ubt</strong></span> <span class='ocrx_word' id='word_1_584' title='bbox 1531 5659 1643 5716; x_wconf 74' lang='grc'>’··’</span> <span class='ocrx_word' id='word_1_585' title='bbox 1691 5724 1694 5731; x_wconf 97' lang='grc'><strong>.</strong></span> <span class='ocrx_word' id='word_1_586' title='bbox 1758 5700 1782 5713; x_wconf 89' lang='grc'><strong>-·</strong></span> <span class='ocrx_word' id='word_1_587' title='bbox 1800 5694 1804 5712; x_wconf 82' lang='lat'><em>¹</em></span> 
     </span>
    </p>
   </div>
   <div class='ocr_carea' id='block_1_11' title="bbox 0 0 2722 6717">
    <p class='ocr_par' dir='ltr' id='par_1_18' title="bbox 0 0 2722 6717">
     <span class='ocr_line' id='line_1_50' title="bbox 0 0 2722 6717; baseline 0 1"><span class='ocrx_word' id='word_1_588' title='bbox 0 0 2722 6717; x_wconf 95' lang='lat' dir='ltr'><strong> </strong></span> 
     </span>
    </p>
   </div>
  </div>
 </body>
</html>
