5434 6717
268 579 344 657 stt

301 886 562 1038 'Melanthea
582 926 645 1013 od
665 914 905 1015 Cercetae
924 847 1256 1033 [seulement

272 1109 278 1151 ἶ
308 1116 311 1125 ’
336 1106 414 1164 etia
436 1126 450 1161 a
472 1105 627 1163 coelestino
647 1108 675 1162 iu
696 1106 757 1163 laist.
772 1106 878 1164 Gemit.
900 1107 933 1165 P.
947 1104 995 1166 lll.¹
1012 1111 1095 1182 pot.
1115 1140 1149 1158 -
1186 1112 1262 1182 Quid

275 1194 278 1201 ·
371 1174 637 1300 pencancellarinm
657 1174 785 1259 {piaeopi
805 1177 960 1259 leodiensis
980 1187 1087 1262 tactum.
1101 1181 1201 1260 tacut,
1232 1200 1263 1234 cr

382 1258 455 1300 cteris
473 1246 499 1297 d.
517 1248 544 1297 t.
568 1253 594 1296 ct
613 1245 639 1298 5.
659 1246 753 1364 septb.
774 1257 881 1324 streptu
900 1245 1069 1328 intelligitur.
1112 1246 1261 1329 lltc3leabet

370 1313 436 1367 Mel.
448 1330 625 1383 responsum,
644 1331 688 1366 cur
719 1314 772 1365 aud
787 1313 868 1365 dubie
882 1322 961 1366 ettam
975 1314 1115 1384 epistolam
1129 1315 1260 1388 adiunxit,

370 1401 452 1455 qnam
467 1397 534 1434 vcro
547 1398 605 1461 nou
619 1381 760 1434 habemus.
778 1407 813 1421 -
842 1380 1010 1464 Brevissimc
1022 1381 1093 1436 hanc
1105 1401 1169 1464 cum
1184 1384 1259 1466 Cau-

298 1511 301 1516 ·
368 1447 534 1585 {zlatf't
543 1458 691 1587 tutta
706 1456 1034 1587 ttttt‘ttttt
1047 1449 1261 1588 mut?

365 1586 448 1668 dr
474 1583 1255 1709 stastatuta?litatem-‘tta‘'e

367 1667 481 1777 1διιηΙξὲιιπ
498 1721 570 1773 cuim
589 1719 643 1775 boc
657 1738 819 1792 responsum
833 1670 917 1800 marin
931 1689 1062 1803 Spalitini
1072 1675 1255 1794 'deacriplim2

366 1811 382 1846 a
396 1789 576 1845 Melantkoue
591 1796 655 1845 vcro
667 1806 716 1844 sna
732 1805 814 1876 mann
825 1788 866 1844 sie
878 1799 1056 1860 cumptum:

263 1943 551 2045 „Responsio
575 1884 1118 2031 exhibito‘Cunocllorin
1138 1940 1254 2015 Leo-

262 2045 422 2135 diensi
445 2042 497 2114 dc
522 2040 764 2127 articulis,
790 2039 840 2114 de
866 2042 1035 2142 gruibus
1058 2070 1147 2114 non
1169 2072 1253 2145 po-

397 2153 517 2245 ter'ot
542 2145 775 2215 convenire
796 2144 847 2217 int
871 2136 1117 2237 litttstltttiJ'

259 2267 452 2379 Quicquid
470 2280 509 2348 in
524 2276 579 2349 his
594 2279 753 2350 articulis
765 2280 957 2348 admissum
975 2290 1041 2363 est,
1074 2280 1167 2350 clare
1188 2306 1251 2372 ap-

260 2395 359 2477 paret
374 2382 413 2448 in
431 2380 586 2470 seriptis,
611 2403 701 2472 quae
717 2374 872 2449 exhibita
889 2393 983 2449 suut.

309 2483 336 2565 †
352 2476 414 2551 De
427 2480 591 2577 quaml*
606 2550 608 2555 ,
625 2476 709 2574 (De
727 2488 881 2577 utraque
897 2478 1037 2577 specie.)
1048 2477 1086 2576 ¹).

356 2574 611 2683 E'xcusavimus
634 2576 717 2666 bos,
751 2580 811 2675 qui
837 2595 981 2651 sumunt
1003 2583 1148 2650 alteram
1170 2605 1249 2671 spe-

259 2686 368 2766 ciem,
400 2683 462 2776 qui
483 2707 563 2753 curn
575 2678 661 2769 'nou
673 2676 836 2751 ¹habeant
854 2672 1176 2771 ¹administratorem
1191 2706 1246 2751 sa-

259 2795 538 2866 cramentorum,
570 2784 721 2852 debeant
738 2784 792 2852 uti
809 2776 1045 2868 sacramento,
1076 2785 1247 2876 quemad-

258 2888 404 2956 modum
429 2884 636 2976 porrigitur.
696 2881 818 2977 ltaque
840 2885 898 2954 isti
923 2884 1162 2975 sine-peccato
1185 2907 1246 2955 su-

258 2990 361 3071 munt
388 2986 534 3056 alteram
563 2984 725 3076 speciem.
783 2981 831 3055 Et
858 2981 950 3056 hanc
982 2985 1244 3054 excusationem

258 3090 383 3157 docere
404 3109 480 3155 non
501 3100 699 3177 gravamur.
749 3083 840 3154 Nam
863 3098 897 3154 ct
919 3081 1091 3156 hactenus
1112 3084 1162 3154 sic
1184 3108 1244 3154 er-

256 3189 453 3259 cnsavimus
468 3188 575 3272 alios,
606 3200 647 3256 ut
668 3182 838 3261 haberent
861 3186 1094 3257 conscientiae
1117 3208 1244 3255 conso-

256 3289 434 3361 lationem.
486 3287 555 3358 Sed
573 3288 654 3358 siin
672 3309 798 3375 genere
815 3289 1041 3370 doceremus,¹
1060 3279 1156 3379 quod
1171 3306 1241 3355 ma

255 3391 371 3482 specie
389 3390 445 3459 uti
470 3389 592 3472 liceat,
628 3390 831 3458 videremur
856 3382 1132 3480 prohibitionem
1153 3388 1245 3469 alte*

254 3493 330 3561 rius
346 3490 473 3581 speciei
489 3491 669 3580 probare,
683 3490 777 3581 quod
798 3513 870 3558 non
891 3510 1076 3580 possumus
1092 3490 1216 3560 faeere.

197 3660 204 3670 ,
356 3586 641 3687 †Dequinto''‚
670 3591 891 3660 ostendimus
907 3605 973 3658 nes
996 3584 1072 3658 non
1093 3588 1242 3682 quibus-

254 3695 342 3766 libet
363 3693 440 3762 sine
464 3692 685 3775 discrimine,
728 3693 788 3760 sed
817 3691 890 3758 illie
917 3692 1062 3759 alteram
1089 3691 1240 3781 speciem

237 3797 398 3865 daturos
417 3814 509 3877 esse,
541 3810 693 3886 quorum
714 3792 945 3863 conscientias
966 3791 1242 3878 intelligeremus

254 3896 423 3986 gravatim
441 3894 494 3964 uti
509 3907 662 3986 ueraque
676 3894 815 3984 specie..
936 3934 953 3993 Ι·
996 3984 999 3993 ¹

576 4051 654 4149 (Dc
674 4034 939 4149 coniugio.)')¹
1073 4038 1076 4045 ¹

353 4182 501 4260 Constat
517 4184 793 4280 prohibitionem
810 4176 965 4276 coniugii
987 4194 1073 4277 pure
1092 4182 1240 4255 hnmani

254 4292 342 4361 iuris
359 4315 448 4376 esse,
473 4292 562 4360 sicut
579 4296 752 4362 testantur
767 4289 870 4357 etiam
890 4288 966 4357 iura
982 4287 1143 4376 allegata3
1169 4288 1241 4366 †et

254 4392 421 4477 constat'',
452 4416 529 4462 earu
551 4389 687 4460 variam
708 4390 827 4459 luisse.
880 4386 1036 4476 Quidam
1053 4411 1167 4458 canon
1184 4389 1239 4456 iu-

254 4494 311 4563 bet
334 4494 503 4563 diaconos
526 4514 669 4571 manere
692 4491 731 4558 iu
758 4491 973 4572 ministerio,
1014 4490 1043 4558 si
1073 4490 1240 4560 duxerint

253 4617 379 4663 uxores
408 4609 443 4665 et
468 4594 602 4663 suerint
630 4593 835 4681 protestati,
872 4593 1074 4683 quem-*non
1103 4591 1239 4681 possint

252 4695 465 4780 continere3'
491 4697 557 4763 sed
576 4691 769 4786 presbyteri
793 4689 1053 4782 deponebant⁵)
1073 4692 1240 4765 animae-2

253 4797 345 4865 rium
365 4798 533 4867 ducentes
553 4817 697 4876 uxores,
732 4816 807 4862 uon
832 4793 1238 4872 excommunicabantur.

250 4894 398 4977 mahar·
411 4897 560 4992 synodis
573 4898 672 4966 lacta?
686 4908 772 4963 sunt
791 4897 947 4976 dmreta,
980 4917 1026 4962 ue
1050 4894 1239 4964 interdice-

252 5012 350 5067 retur
364 5022 448 5069 usus
463 4999 625 5088 propriae
642 4995 803 5083 coniugis
817 5009 898 5064 ante
912 4993 1197 5088 Presbytcratum
1208 4990 1238 5090 ⁴)

251 5100 386 5172 ducmc.
415 5096 624 5191 ¹siricius-⁸)
645 5111 762 5169 tamen
782 5110 900 5186 postea
916 5096 1119 5179 interdixit,
1141 5091 1238 5167 nibil

287 5372 312 5435 l)
331 5370 376 5424 De
390 5377 447 5421 ntr.
460 5383 529 5431 spec.
543 5381 599 5416 nou
616 5361 695 5417 hahet
707 5359 779 5434 Spal.

285 5444 313 5520 ἲ)
330 5440 403 5505 llaec
415 5467 472 5503 nou
487 5448 563 5500 lrab'ct
579 5445 652 5515 Spal.

286 5540 313 5604 Β)
333 5535 410 5593 Geel.
423 5539 574 5597 depannant.

285 5625 313 5688 4)
332 5615 634 5684 compresbyterium.

288 5707 314 5773 ὅ)
335 5702 413 5757 Coel.
429 5697 517 5767 &ria
534 5694 677 5760 Pontifex.

255 5782 428 5847 Uacerra.
444 5777 547 5842 Oete.
574 5772 659 5835 Vos..
675 5764 718 5835 Il.

869 576 1304 661 urtsroeaeou
1354 582 1537 667 mue
1590 536 1722 666 seco.

680 768 682 773 ·
752 804 780 827 „
984 794 999 827 v,
1072 755 1138 853 Ι(6.
1154 756 1268 842 sept.)
1316 754 1489 827 reveritus
1503 757 2003 835 auctoritatem'eonciliornm.
2054 765 2171 842 Tame
2187 777 2306 845 varie-

2232 607 2310 682 346

1315 868 1369 924 tae
1382 856 1450 931 suit
1464 852 1571 943 huius
1585 860 1719 950 negotii
1733 862 1772 956 in
1784 859 1968 959 Ecclesia..
1985 864 2036 937 Et
2048 870 2189 945 decreta
2203 897 2307 967 saepe

1314 969 1572 1045 nemausum,
1605 985 1686 1032 cum
1708 966 1802 1055 apud
1824 965 1911 1037 alias
1931 984 2070 1056 gentes,
2097 977 2304 1046 tumetium

1314 1056 1352 1127 in
1367 1056 1442 1148 ipsa
1454 1056 1659 1142 Germania,
1683 1063 1776 1136 sicut
1786 1058 1954 1137 historiae
1967 1083 2150 1141 testentur.
2181 1074 2304 1163 Quare

1312 1157 1339 1227 si
1352 1181 1454 1228 nunc
1468 1184 1533 1251 pro
1550 1161 1687 1231 ratione
1703 1177 1902 1256 temporum
1921 1169 2039 1261 aliqua
2055 1173 2217 1265 aequitas
2238 1182 2302 1247 ad-

1312 1252 1495 1331 hiberetur
1518 1262 1557 1329 in
1580 1256 1691 1354 hoc⁶)
1712 1264 1921 1352 interdicto,
1957 1272 2052 1362 qnod
2076 1296 2220 1364 prorsus
2248 1295 2302 1350 est

1311 1353 1459 1429 humaui
1473 1361 1583 1446 iuris,
1597 1365 1744 1435 ¹novitas
1759 1362 1901 1437 haberet
1916 1372 2173 1447 exeusationem
2190 1380 2301 1453 tutio-

1308 1482 1404 1543 rem,
1437 1485 1545 1554 quam
1564 1485 1645 1532 cum
1667 1474 1785 1535 vetera
1805 1468 1941 1541 decreta
1966 1473 2011 1541 de
2031 1467 2097 1543 hac
2111 1484 2150 1545 re
2166 1480 2300 1550 abolita

1308 1574 1408 1645 suut,
1432 1582 1523 1661 quae
1540 1563 1685 1634 luerunt
1701 1580 1934 1640 consentanea
1954 1572 2025 1642 iuri
2040 1576 2175 1651 divino.
2226 1579 2300 1651 Nu

1307 1685 1377 1752 qne
1391 1662 1486 1730 enim
1500 1664 1659 1733 fecerunt
1676 1667 1790 1735 nostri
1806 1683 1926 1740 contra
1948 1673 2004 1741 ius
2023 1675 2198 1752 divinum.
2248 1679 2299 1752 Et

1306 1761 1344 1827 in
1361 1756 1428 1831 hoe
1446 1786 1526 1833 casu
1541 1766 1727 1834 necessitas
1745 1766 1887 1860 etiam⁷)
1903 1775 2118 1860 considerari
2133 1781 2296 1855 debebat.

1306 1857 1437 1955 Nam⁸)
1465 1865 1596 1933 multae
1615 1861 1795 1937 Ecclesiae
1822 1871 1941 1940 nullos
1967 1888 2134 1964 poterunt
2164 1875 2294 1953 habero

1306 1976 1481 2051 pastores„
1504 1965 1534 2031 si
1550 1982 1799 2037 removeantur
1812 1968 1858 2037 ab
1873 1972 1988 2041 officio
2005 1976 2200 2067 coniugati·
2246 1981 2294 2054 Et

1304 2063 1456 2133 omnino
1474 2066 1660 2135 interitura
1684 2069 1808 2158 religio
1832 2071 1964 2142 inillis
1991 2078 2075 2146 locis
2106 2081 2305 2170 videretur‚'

1303 2166 1449 2234 remotis
1471 2166 1701 2256 pastoribus-⁸
1745 2167 2023 2244 Durum-autem
2043 2193 2147 2265 esset,
2184 2187 2290 2255 malle

1303 2263 1510 2353 religionem
1544 2280 1654 2337 totam
1691 2268 1833 2341 abolere
1872 2299 1976 2366 qrrarn
2014 2280 2193 2351 moderari
2229 2302 2292 2357 aut

1302 2364 1395 2433 certe
1429 2358 1651 2437 dissimulate
1680 2362 1788 2441 uu'am
1814 2362 2115 2448 ,constitutionem
2155 2382 2291 2480 alioqui

1301 2486 1462 2552 gravem,
1495 2481 1530 2536 et
1544 2469 1603 2538 vix
1617 2493 1637 2537 a
1653 2470 1872 2560 paucissimis
1886 2491 1979 2546 recte
1993 2494 2164 2555 servatam
2179 2485 2218 2553 in
2233 2513 2288 2558 ec-

1300 2565 1415 2634 clesia.
1465 2564 1519 2636 Ac
1537 2569 1670 2638 mirum
1690 2584 1758 2655 cst,
1791 2566 1884 2643 lianc
1905 2580 2192 2653 constitutionem
2217 2601 2287 2657 tarn

1298 2668 1426 2769 acerbe
1438 2669 1599 2755 delendi,
1627 2694 1709 2739 cum
1730 2673 1822 2741 aliae
1836 2674 1995 2749 infinitae
2010 2698 2154 2773 propter
2167 2700 2288 2759 causes

1298 2788 1374 2836 uon
1397 2769 1567 2839 maximas
1590 2770 1693 2862 se'epe
1714 2774 1925 2851 relaxentur.
1984 2779 2054 2852 Sed
2079 2778 2165 2855 haec
2185 2812 2287 2862 causa

1297 2861 1392 2949 nihil
1415 2863 1531 2940 habet*
1542 2892 1632 2961 opus
1653 2873 1907 2965 disputatioue3
1950 2903 2005 2949 res
2027 2882 2189 2978 loquitur
2210 2891 2285 2983 ipsa

1296 2988 1402 3059 qnam
1424 2972 1514 3039 dura
1533 2971 1580 3042 sit
1601 2974 1826 3061 constitutio,
1867 2992 1902 3048 et
1929 2988 2035 3073 quain
2065 2989 2167 3075 pauci
2193 2999 2285 3062 recte

1295 3083 1435 3239 segent
1448 3094 1542 3156 eam3
1576 3097 1686 3166 quare
1701 3078 1933 3149 conveniebat
1954 3106 2032 3153 earu
2052 3087 2121 3177 legi
2141 3089 2283 3163 div'utee
2358 3094 2364 3103 '

1294 3190 1313 3238 c
1359 3193 1428 3240 ere.
1746 3185 1749 3188 ’

1529 3366 1562 3419 .
1600 3268 1603 3273 ’
1638 3332 1718 3433 <oe
1740 3334 1937 3440 cossura

1367 3458 1449 3553 ,De
1468 3458 1597 3553 Misso
1622 3490 1830 3561 responsum
1863 3488 1931 3560 est,
1970 3483 2066 3572 quod
2099 3503 2284 3562 serventur

1293 3563 1388 3653 apud
1410 3589 1476 3634 nos
1496 3569 1760 3656 substantialia,
1801 3594 1891 3667 quae
1911 3579 1956 3647 ad
1982 3588 2283 3663 consecrationem

1292 3664 1483 3754 pertinent.
1532 3667 1586 3739 De
1598 3672 1744 3764 reliquis
1757 3675 1874 3746 verbis
1888 3682 2082 3755 ostendunt
2094 3685 2162 3775 ipsi
2177 3693 2283 3763 etiam

1293 3764 1505 3852 adversarii,
1552 3774 1647 3862 qarod
1691 3768 1844 3845 habeant
1882 3779 2017 3872 aliquid
2054 3784 2284 3879 incommodi,

1231 3926 1233 3933 .
1293 3865 1376 3957 quie
1394 3868 1532 3953 addunt
1545 3871 1889 3962 interpretationem,
1922 3902 1991 3971 qua
2007 3879 2100 3955 nihil
2117 3913 2206 3980 opus
2227 3917 2284 3963 es-

1292 3977 1365 4047 set,
1385 3967 1434 4045 ‚st
1458 3969 1565 4039 verba
1584 3968 1743 4057 Canouis
1768 3977 1852 4045 satis
1872 3979 1976 4067 plana
2001 4002 2126 4061 esseut.
2186 3990 2282 4083 Quia

1292 4077 1409 4134 autem
1431 4070 1544 4138 nostri
1566 4073 1694 4143 docent
1715 4075 1986 4166 applicationem
2005 4088 2192 4161 missarum
2217 4097 2283 4165 ad-

1293 4166 1425 4236 versari
1442 4169 1595 4241 iustitiae
1610 4174 1709 4258 fidei,
1739 4177 1835 4247 sieut·
1851 4174 1948 4259 †in'’
1961 4181 2192 4263 Confessione
2214 4220 2283 4265 no-

1290 4278 1363 4335 stra
1378 4271 1621 4360 exposuimus,
1653 4275 1733 4345 ideo
1752 4280 1858 4349 verba
1875 4281 1936 4351 illa
1950 4281 2108 4361 Canonis
2130 4316 2204 4363 non
2227 4299 2283 4367 le-

1291 4383 1443 4455 guntur,
1476 4395 1516 4439 ex
1533 4374 1664 4466 quibem
1678 4379 1866 4469 applicatio
1883 4380 2073 4458 Missarurn
2087 4409 2200 4465 sumta
2215 4413 2280 4472 este

1290 4463 1338 4537 Et
1358 4469 1561 4555 videremur
1574 4477 1744 4548 damnare
1759 4482 1957 4553 doctrinam
1973 4501 2008 4557 et
2023 4492 2284 4569 confessionem

1291 4581 1468 4656 nostram,
1501 4574 1532 4643 si
1555 4575 1615 4645 illa
1642 4579 1749 4649 verba
1768 4583 2014 4672 applicationis
2032 4593 2281 4685 reciperemus.

1291 4667 1364 4739 Nos
1381 4685 1497 4741 antem
1513 4679 1712 4748 consentire
1727 4680 1766 4750 iu
1789 4675 1858 4753 boc
1878 4699 2000 4757 contra
2022 4694 2281 4773 confessionem

1291 4786 1448 4843 nostram
1472 4788 1507 4845 et
1529 4777 1759 4851 fundamenta
1787 4785 2018 4865 confessionis
2040 4808 2181 4868 nostrae
2204 4825 2279 4873 non

1291 4895 1486 4961 possumus.
1537 4876 1596 4947 Ad
1616 4874 1702 4951 haec
1724 4885 1949 4957 manifestum
1970 4904 2038 4975 est,
2072 4902 2169 4989 quod
2183 4926 2280 4971 nun.
2302 4911 2321 4921 ··

1291 4996 1396 5065 (pram
1412 4976 1520 5048 lectus
1534 4992 1584 5048 est
1600 4981 1733 5074 ultique
1747 4983 1841 5053 idem
1853 4984 2034 5089 canent)
2049 4996 2089 5066 iu
2099 4995 2280 5090 Eccleeiiet

1291 5097 1399 5167 quare
1413 5077 1666 5152 dissimilitudo
1682 5086 1826 5163 canonis
1840 5111 1915 5158 non
1932 5091 2039 5167 laedit
2054 5097 2170 5177 fidem.

1326 5368 1354 5441 6)
1373 5369 1447 5425 Cocl.
1463 5372 1526 5426 duic
1541 5389 1591 5440 pro
1608 5375 1637 5428 ln
1650 5376 1710 5428 lene.

1325 5455 1355 5523 7)
1374 5453 1448 5510 Cocl.
1464 5458 1550 5511 etaiam
1565 5456 1726 5513 necessitas.

1325 5536 1363 5607 t)-
1371 5538 1437 5593 Ma.
1450 5538 1524 5611 Spat.
1536 5534 1621 5594 Pam.

1257 5682 1262 5697 .
1325 5623 1353 5688 9)
1376 5620 1447 5678 llaec
1461 5622 1604 5694 inscriptio
1616 5643 1672 5679 nou
1686 5635 1725 5681 est
1741 5626 1768 5680 in
1782 5637 1842 5681 urst.

1328 5713 1372 5776 10)
1393 5709 1561 5856 Οοεὲὲᾰεηι
1576 5710 1676 5764 Cam
1689 5714 1797 5780 utiquc.
