5434 6717
296 636 371 746 aas
561 622 575 653 ‘
868 609 1747 748 nr1sr0uununmnn.raro.
1847 764 1849 771 .
1946 736 1951 750 .
2066 720 2073 739 2
2232 610 2329 755 'sao
2452 783 2454 787 y

296 835 339 936 6)
362 841 486 935 Neque
507 840 752 938 enim-temere
775 839 911 934 aliquid
932 840 973 911 in
999 842 1286 928 ordinationibus
1339 836 1405 933 1⁸)
1426 834 1596 913 Christus
1613 841 1716 914 iussit
1735 843 1870 915 heri'in
1893 848 1953 918 sui
1968 843 2188 925 memoriam·
2240 850 2330 926 Item

263 985 291 1006 .-
347 944 480 1012 divinis
509 965 584 1012 esse
616 943 895 1027 immutandum,
936 957 998 1015 aut
1029 945 1301 1035 mutationibus
1384 938 1532 1012 Paulus:
1566 947 1881 1017 mortemdomini
1905 940 2186 1036 annuntiabitis,
2216 953 2329 1027 donec

245 1120 250 1127 ,
286 1072 289 1081 ·
348 1045 651 1114 consentiendum.
821 1080 824 1087 ·
860 1102 864 1111 .
1156 1081 1177 1113 ,-
1301 1104 1303 1115 ,
1384 1042 1515 1133 'veniat
1546 1039 1636 1114 Hic
1650 1059 1769 1116 autem
1784 1071 1859 1118 non
1875 1052 2113 1143 praedicatur,
2133 1053 2193 1123 sed
2203 1060 2329 1127 omnia

298 1144 340 1235 7)
366 1143 483 1215 Multo
500 1145 620 1214 minus
633 1143 782 1235 probari·
794 1167 934 1235 possea
957 1143 1083 1230 nobis,
1113 1145 1210 1238 quod
1228 1143 1303 1233 ‹ii-3
1385 1140 1555 1218 celantur.
1610 1202 1616 1213 .
1883 1148 1886 1153 '
1944 1226 1947 1232 4
2087 1204 2091 1215 .

347 1261 473 1318 xerunt
490 1246 711 1330 adversarii,·
731 1268 804 1315 esse
818 1247 970 1314 ebusum
992 1247 1077 1315 dare
1096 1253 1303 1337 utramquc';
1337 1237 1402 1338 19)
1428 1238 1593 1314 Christus
1608 1244 1711 1317 iussit
1724 1245 1764 1315 in
1776 1251 1983 1322 memoriam
2001 1254 2066 1327 sui.
2117 1252 2326 1329 Meminisse

347 1348 496 1438 speciem
521 1347 632 1420 laicis.
699 1344 793 1416 Nam¹
819 1346 1023 1417 institutum
1045 1341 1179 1416 Christi
1211 1369 1283 1414 non
1384 1367 1459 1413 non
1475 1346 1620 1435 prodest
1635 1346 1705 1417 uisi
1719 1347 1821 1421 vivis.

285 1490 289 1497 ·
346 1470 421 1517 essu
437 1452 638 1518 vocandum
655 1449 816 1517 abusum.
1332 1441 1400 1537 20)
1425 1441 1559 1515 Paulus
1575 1444 1679 1515 iussit
1691 1449 1900 1520 annuntiari
1915 1464 2065 1523 mortem
2081 1455 2232 1542 domini,
2258 1463 2326 1529 do-

298 1546 339 1640 8)
363 1541 927 1629 Enecommiuationemeristi,
941 1545 1004 1639 qni
1014 1547 1159 1619 solverit
1169 1571 1283 1616 unum
1384 1567 1449 1613 nec
1472 1545 1602 1619 veniat.
1659 1544 1758 1634 Quid
1781 1564 1899 1621 autem
1925 1574 2016 1642 opus
2045 1567 2099 1624 est
2123 1560 2326 1648 praedicare
2421 1620 2427 1628 .
2490 1580 2494 1588 ·

345 1673 387 1719 ex
403 1650 564 1720 minimis
580 1650 772 1733 mandatis,
802 1649 963 1718 futurum
985 1648 1149 1738 inregno
1167 1649 1284 1719 coelo-
1316 1652 1323 1671 '
1383 1645 1558 1715 mortuis?

344 1774 424 1820 rum
440 1753 639 1821 minimum.
942 1798 944 1803 -
1332 1742 1403 1838 21)
1428 1742 1536 1834 Quod
1553 1770 1618 1837 pro
1636 1771 1742 1838 opere
1758 1750 1972 1841 applicativo
1993 1769 2028 1824 et
2051 1781 2158 1849 opere
2181 1780 2325 1852 operato

809 1876 821 1891 ·
1383 1841 1595 1931 habuerint,
1620 1862 1655 1919 et
1669 1861 1792 1918 contm
1807 1849 1960 1937 Paulum
1976 1856 2033 1927 sit.
2216 1851 2221 1861 ’

521 1986 523 1991 ·
607 1954 712 2021 rau.
742 1952 831 2020 Met·
863 1960 971 2027 ¹530.
1332 1943 1401 2039 22)
1427 1946 1535 2036 Quod
1549 1961 1603 2017 est
1616 1943 1815 2019 humanum
1829 1953 2026 2027 inventum.

501 2107 607 2162 comm
625 2107 769 2162 canomm
787 2105 892 2161 mm
910 2106 1079 2177 mm·
1332 2044 1535 2218 66)εὲύὲἑί
1557 2073 1661 2119 nemo
1686 2053 1801 2142 potest
1824 2076 1904 2163 pro·
1925 2056 2042 2169 attero·
2066 2056 2323 2173 sacramentum

297 2231 335 2318 1)
363 2228 471 2317 Quod
487 2227 533 2297 sit
546 2226 765 2299 sacrificium.
1295 2198 1297 2203 Ι
1399 2254 1416 2263 ·“
1458 2173 1482 2240 p
1522 2174 1552 2221 θ’

292 2329 335 2417 2)
363 2328 470 2417 Quod
486 2329 531 2398 sit
548 2328 768 2396 meritorium
788 2326 878 2395 aliis.
1625 2327 1683 2384 Pro
1704 2334 1833 2402 maesto
1851 2310 2040 2392 sacerdotati..
2107 2310 2116 2385 s
2252 2398 2256 2405 ¹

292 2433 334 2521 8)
360 2430 469 2518 Quod
485 2423 666 2498 Christum
682 2426 757 2497 Deo
774 2430 995 2527 commendat
1013 2442 1075 2502 etc.
1335 2436 1374 2534 1)
1400 2435 1497 2529 Haec
1514 2462 1616 2510 causa
1632 2464 1707 2511 non
1726 2436 1833 2514 habet
1848 2449 2057 2540 opus‘ionga
2074 2453 2324 2545 disputatione.

643 2560 648 2571 ·
1382 2535 1447 2610 Est
1463 2540 1557 2610 enim
1575 2542 1679 2616 clara.
1771 2602 1775 2609 .
2224 2570 2227 2575 ·

1292 2640 1294 2647 '
1331 2637 1374 2734 2)
1399 2637 1628 2713 Contrarium
1643 2657 1695 2714 est
1706 2644 1817 2738 impia
1831 2647 1971 2739 opinio,
2005 2653 2089 2747 quia
2110 2657 2324 2733 daemonum

296 2745 336 2841 1)
361 2745 540 2835 Quoniam
558 2738 754 2813 nonhabet
772 2745 921 2813 verbum
933 2768 998 2836 pro
1010 2767 1062 2829 se.
1115 2742 1158 2813 ln
1176 2746 1282 2815 rebus
1383 2742 1556 2816 doctrina.

342 2863 460 2918 autem
476 2845 617 2914 ¹divinis
639 2839 733 2913 nihil
754 2858 806 2919 est
824 2848 1052 2927 tentandumg
1087 2846 1208 2916 nullus
1231 2857 1283 2916 est
1330 2840 1374 2935 6)
1399 2839 1465 2914 Est
1479 2845 1821 2916 contramandutum
1836 2845 1915 2919 Dei.

343 2950 459 3019 cultus
473 2946 540 3016 Dei
558 2946 634 3013 sine
651 2946 761 3014 verbo
779 2958 813 3016 et
830 2947 996 3015 mandato
1011 2943 1091 3019 Dei.
1330 2939 1374 3038 4)
1400 2940 1466 3014 Est
1480 2958 1602 3015 contra
1617 2946 1832 3017 creationem
1845 2946 1926 3023 Dei.

291 3049 335 3146 Ξ)
360 3048 544 3119 Perversio
570 3059 622 3116 cst
653 3046 762 3116 officii
781 3060 815 3117 et
835 3045 1025 3135 ministerii
1045 3046 1282 3131 merdotalis,
1329 3041 1373 3139 5)
1398 3041 1464 3116 Est
1477 3059 1599 3116 contra
1615 3044 1877 3119 ordinationem
1890 3049 1971 3127 Dei.

342 3168 509 3244 tanquam
523 3149 555 3216 si
567 3149 648 3240 quis
661 3170 698 3216 se
716 3147 832 3239 ipsum
846 3147 1010 3239 baptizet.
1054 3165 1061 3175 ·
1112 3193 1116 3203 ·
1330 3142 1373 3240 6)
1398 3141 1465 3215 Est
1479 3145 1698 3239 impossibile
1713 3162 1848 3219 votum.
2216 3208 2221 3215 .

293 3252 335 3348 6)
359 3252 442 3323 Non
465 3264 516 3320 est
539 3251 701 3328 devotio,
737 3251 797 3318 sed
822 3249 1002 3340 corruptio
1027 3262 1062 3319 et
1085 3260 1280 3319 mercatura
1330 3244 1373 3342 t)
1397 3244 1521 3339 Neque
1535 3260 1660 3318 votnm
1680 3262 1794 3340 potest
1816 3242 1942 3322 tollere
1963 3258 2190 3346 mandatum,
2224 3287 2324 3334 crea-

340 3369 373 3423 et
389 3351 579 3442 aucupium
594 3363 837 3423 nummorum.
1380 3346 1516 3417 donem
1532 3360 1567 3418 et
1582 3348 1846 3420 ordinationem
1861 3351 1967 3433 Dei„
2159 3358 2193 3422 .'

242 3464 250 3487 ·'
291 3456 334 3538 4)
359 3451 425 3523 Est
437 3453 633 3541 exemplum
649 3452 795 3523 malum.
1330 3446 1372 3543 8)
1398 3444 1557 3518 Tantum
1579 3450 1778 3522 consideret
1799 3449 1927 3540 C.M.,
1959 3471 2133 3549 quantum
2153 3462 2201 3535 sit
2219 3488 2327 3539 scau:
2425 3470 2430 3483 “

273 3555 333 3652 ’5)
357 3552 517 3623 Eandem
551 3553 623 3621 es'se
653 3551 939 3621 communionem
966 3571 1146 3620 sacrorum
1183 3542 1280 3643 [lege
1379 3548 1502 3619 dalum
1518 3549 1664 3642 ubique.
1921 3594 1926 3604 ·
2250 3586 2256 3606 ι

339 3649 589 3748 sacerdotum]
606 3667 640 3722 et
655 3653 838 3725 laicorum.
1151 3680 1154 3689 ·
1329 3649 1371 3745 9)
1396 3647 1504 3738 Quod
1519 3649 1687 3721 laudatur
1701 3651 1852 3736 castitas,
1877 3654 1968 3727 bene
1983 3657 2034 3744 fit,
2059 3663 2120 3731 sed
2138 3688 2203 3737 cur
2216 3673 2322 3741 etiam

290 3760 330 3853 6)
359 3756 522 3848 {neptum
537 3756 642 3824 ctiam
657 3767 707 3823 est
722 3776 835 3823 unum
850 3754 965 3822 solum
980 3751 1084 3833 vesci,
1105 3750 1280 3820 aliistan-
1318 3800 1320 3805 -
1379 3774 1454 3819 non
1469 3751 1695 3833 observatur,
1729 3777 1819 3844 quae
1840 3755 1899 3825 sie
1916 3757 2092 3832 laudatur.
2142 3754 2208 3839 Est
2224 3771 2322 3841 enim

287 3902 294 3909 -
313 3906 317 3917 ·
340 3875 416 3929 tum
430 3854 696 3948 spectatoribus.
1378 3850 1484 3920 ‘ihm
1502 3847 1997 3945 (5¹¹)mtffiffl0115002823128,
2027 3875 2067 3933 ut
2081 3857 2322 3961 Paphnutius

281 3960 332 4050 t)
355 3959 476 4029 Coena
490 3969 542 4025 est
559 3952 729 4026 exhibitio
748 3955 925 4047 corporis,
956 3975 1039 4042 ergo
1055 3973 1131 4020 nou
1145 3963 1197 4019 est
1211 3948 1278 4018 ob-
1379 3951 1480 4023 dixit
2189 3986 2195 3997 ·

277 4089 283 4101 ·
303 4112 322 4123 ..
340 4062 438 4135 tatio.
1330 4046 1395 4146 10)
1419 4048 1526 4140 Quod
1542 4051 1749 4142 praedicant
1764 4054 1948 4145 possibile,
1981 4087 2046 4133 cur
2067 4090 2140 4135 non
2164 4088 2320 4160 praesta.

280 4162 333 4259 ’6)
356 4158 422 4232 Est
435 4171 703 4241 testamentum,
726 4183 798 4251 quo
812 4157 917 4225 nobis
933 4151 1161 4246 promittitur·
1376 4151 1461 4223 tur?
1509 4150 1604 4223 Satis
1619 4153 1715 4223 enim
1728 4166 1781 4225 est
1797 4169 1881 4226 uota
1899 4159 1970 4230 vita
1994 4171 2214 4241 sacerdotum
2239 4199 2321 4247 coe-

278 4263 333 4358 ·9)
352 4261 697 4343 stramenticium,
723 4281 805 4349 ergo
823 4259 907 4327 tides
924 4280 996 4325 non
1012 4253 1186 4325 iustificat.
1378 4252 1504 4324 libum.
2106 4346 2110 4353 Ι
2153 4323 2159 4333 ,
2271 4337 2275 4343 ¹

272 4366 339 4451 :¹⁰
384 4363 512 4436 Utrum
527 4363 574 4430 sit
587 4363 794 4430 sacrificium
809 4360 847 4427 in
864 4361 1001 4429 edendo
1016 4369 1050 4424 et
1065 4354 1258 4427 coenando.
1329 4350 1398 4447 11)
1421 4351 1572 4423 Etiamsi
1592 4368 1681 4426 essct
1703 4356 1899 4446 possibilis,
1932 4375 2008 4433 tum
2032 4392 2107 4439 non
2131 4388 2221 4445 essct
2244 4378 2319 4469 tege

278 4469 334 4535 ,11
382 4463 495 4535 Debet
519 4465 771 4556 essenynaxis,
803 4461 886 4554 quia
907 4460 995 4529 dicit
1010 4455 1157 4526 Paulus:
1192 4477 1277 4524 con·
1374 4449 1639 4547 prohibendum
1661 4458 1945 4553 matrimonium.¹
1997 4464 2119 4543 luiicit
2138 4476 2236 4546 enim
2265 4454 2319 4549 ia.

281 4606 285 4613 ·
341 4563 563 4635 venientibus
580 4560 680 4635 vota
695 4561 770 4632 olii
781 4559 881 4631 alios
896 4566 1090 4656 aspectent.
1377 4579 1508 4649 qucum
1528 4557 1774 4642 conscientiis,
1803 4574 1837 4629 et
1858 4574 1910 4631 est
1930 4565 2096 4641 doctrina
2109 4576 2318 4649 daemonio·

294 4667 361 4762 tr)
382 4665 627 4738 Sacerdotium
645 4664 703 4737 'ast
727 4663 915 4753 singularis
935 4663 1006 4731 iam
1025 4673 1155 4742 status,
1196 4681 1276 4727 cum
1375 4681 1469 4735 rum.
1518 4653 1568 4726 Et
1580 4658 1661 4827 ‹kuis
1674 4659 1774 4729 dedit
1787 4674 1993 4752 potestatem
2010 4667 2126 4763 Papae
2142 4678 2316 4751 oneranffl

341 4771 480 4838 nullum
498 4769 541 4836 sit
555 4767 757 4835 discrimen.
881 4811 883 4816 -
1069 4820 1073 4825 .
1376 4756 1572 4829 sacerdotes
1616 4783 1660 4829 oc
1675 4783 1794 4830 onere.

294 4870 356 4962 at)
383 4869 589 4940 Gratiarum
610 4869 743 4938 actioni
762 4864 844 4935 satis
866 4878 918 4933 cst
942 4861 1008 4933 toci
1032 4862 1069 4930 in
1087 4860 1192 4930 missa
1209 4884 1276 4951 pu·
1328 4854 1394 4954 12)
1422 4853 1638 4928 Ambrosios
1652 4860 1756 4931 dixit:
1788 4860 1863 4931 sola
1879 4866 2017 4935 castitas
2032 4887 2102 4958 est,
2128 4901 2219 4971 qam
2234 4905 2316 4955 sua.

339 4972 442 5044 buca,
1022 5016 1054 5023 ..
1376 4960 1454 5031 deri
1467 4972 1598 5052 potest,
1618 4961 1787 5053 imperari
1801 4986 1876 5033 uon
1891 4982 2018 5056 potest3
2047 4997 2103 5043 res
2117 4981 2229 5070 magis
2241 4988 2313 5055 voti

227 5074 230 5085 '
288 5070 354 5164 ’14)
381 5071 443 5142 Est
459 5071 655 5162 periculum
670 5082 704 5139 et
720 5067 937 5151 scandalum,
963 5065 1052 5133 sicut
1065 5055 1274 5153 suit-Ephod
1377 5085 1484 5156 quam
1497 5061 1672 5154 praecepti
1688 5079 1749 5135 est.
2291 5130 2304 5165 Ι

293 5200 295 5205 -
340 5174 533 5245 (haconis,
717 5222 719 5227 .
1327 5159 1393 5258 16)
1416 5161 1599 5233 Praeterea
1616 5163 1672 5233 ius
1689 5162 1853 5235 divinum
1868 5170 1937 5238 est':
1972 5176 2221 5277 consonaeque
2242 5175 2314 5254 ha.

579 2625 687 2679 contra
704 2624 823 2679 Hebrum
838 2626 998 2692 priuatam.
1094 2656 1097 2664 ·

292 5273 354 5366 15)
381 5273 516 5365 Omnia
548 5274 655 5341 rerba
686 5283 767 5340 sunt
798 5267 946 5360 pluralis
975 5263 1129 5334 numeri:
1172 5262 1275 5347 edite,
1375 5261 1459 5333 beot
1481 5285 1591 5337 suam
1612 5286 1775 5341 uxorem,
1824 5260 2051 5366 Epssmpm,
2083 5276 2168 5349 item
2185 5275 2312 5355 diaco·
2445 5282 2448 5287 .

340 5378 452 5447 bibite
467 5370 531 5448 est,
703 5394 705 5399 ·
736 5422 739 5429 .
850 5426 853 5433 .
1084 5418 1088 5427 .
1374 5387 1445 5435 nus
1468 5362 1518 5432 sit
1545 5362 1659 5435 nnius-
1681 5365 1812 5437 uxoris
1834 5366 1900 5437 vir.
1964 5368 2046 5441 Hoc
2070 5371 2222 5451 verbnm:
2239 5410 2311 5459 non
2370 5440 2378 5447 .

277 5474 791 5572 -16)Nuue'stsatisdicere:
827 5467 939 5540 haheo
956 5470 1086 5551 bonam
1102 5466 1272 5536 intentio·
1374 5488 1498 5537 omnes
1519 5465 1679 5560 capiunt.
1744 5465 1834 5541 Non
1858 5479 1910 5539 est
1933 5469 2085 5556 honum,
2127 5473 2342 5559 hominem·-

278 5618 282 5631 ·
337 5604 431 5653 uem.
483 5562 635 5668 Oportet
649 5579 780 5648 dicere:
807 5570 919 5643 habeo
937 5572 1086 5639 verbum
1102 5566 1180 5640 Dei.
1373 5561 1594 5638 esscsolom.
1632 5567 1820 5641 lusautem
1834 5569 1997 5641 divinum
2013 5600 2086 5648 uon
2103 5598 2216 5672 potest
2233 5593 2312 5662 tolli

281 5677 353 5774 17)
379 5678 517 5749 Deinde
549 5693 600 5749 cst
633 5678 738 5746 missa
762 5677 900 5767 privata
927 5674 997 5742 iam
1023 5671 1160 5761 pridem
1186 5694 1287 5765 con-¹
1372 5666 1527 5770 humana
1559 5664 1819 5761 prohibitione;
1859 5673 2028 5765 obiigatio
2052 5683 2146 5754 euim
2171 5706 2311 5763 contra-

336 5785 498 5853 demnata
515 5794 566 5850 tot
581 5777 719 5869 scriptis
733 5776 836 5848 editis
853 5790 887 5845 ct
900 5775 1076 5862 abrogata.
1184 5774 1187 5778 ’
1372 5766 1534 5843 heutium
1552 5785 1603 5840 est
1617 5771 1705 5843 iuris
1720 5772 1845 5845 diuini.

1435 5864 1534 5945 ss·
