5434 6717
218 680 221 687 '
299 662 369 732 861

237 4023 240 4031 ι
307 3981 473 4013 Ἃ

871 655 1303 736 EPISTOLARUM

310 829 377 903 No.
393 828 481 900 897.
1112 836 1283 959 Q

308 924 480 959 Μ

474 957 520 1035 Ἰ
604 1009 708 1096 Viro
744 1013 981 1098 Theodoro.
1060 1040 1063 1047 ·

357 1174 454 1274 'spat
477 1203 524 1258 us.
545 1205 590 1259 vs.

403 1271 514 1347 Monac.
530 1274 553 1328 l.
574 1293 600 1346 p.

612 1207 727 1328 pfiotifi.
758 1234 793 1251 ι·
842 1208 953 1263 Contuli
970 1208 1157 1283 autographon
1176 1210 1204 1263 in
1226 1178 1290 1265 ωδ.

305 1445 414 1518 Viro
438 1442 702 1537 Theodoro,
728 1452 847 1522 amico
867 1476 952 1534 sno,
986 1447 1093 1549 opud
1113 1444 1289 1522 Lathr-

743 1578 849 1628 ram.
893 1624 905 1637 ,

300 1680 343 1769 S.
369 1698 415 1775 D.
474 1701 642 1773 Nondum
665 1698 835 1773 babemus
857 1699 1124 1799 καταστροφὴν
1150 1718 1289 1773 nostra-

301 1827 380 1871 rum
395 1827 524 1886 rerum,
545 1806 682 1874 tametsi
697 1806 980 1899 appropinquare
994 1805 1165 1875 videatur.
1197 1803 1287 1874 Nam

299 1917 359 1973 aut
387 1904 491 1974 certis
519 1906 784 1975 conditionibus
810 1931 927 1997 pacem
950 1907 1136 1991 faciemus,
1176 1919 1236 1976 arat
1258 1906 1289 1974 si

299 2003 522 2073 conditiones
539 2029 671 2099 aequae
691 2007 839 2098 reperiri
865 2032 939 2077 non
963 2020 1148 2100 poterunt,
1178 2001 1287 2075 lrabe-

248 2103 259 2111 '
298 2104 417 2172 bimus
431 2105 544 2175 edicta
560 2108 709 2191 atrocia,
743 2123 782 2177 ut
803 2132 926 2178 omnes
949 2110 1057 2191 ritus,
1086 2105 1207 2178 omnia
1230 2107 1288 2176 in-

300 2203 421 2273 stituta
437 2218 553 2275 vetera
569 2207 810 2305 restituantur.
861 2206 920 2279 Ac.
933 2211 1078 2279 fortasse
1098 2232 1216 2298 pacem
1234 2208 1287 2277 sa-

298 2327 376 2370 cere
393 2327 590 2392 possemus,
622 2309 651 2375 si
669 2310 782 2378 nostri
804 2325 919 2380 essent
942 2311 1047 2402 paulo
1069 2309 1288 2379 tractabilio-

297 2427 364 2471 res.
413 2401 485 2471 Tui
499 2405 592 2474 eires
608 2410 712 2477 valde
729 2404 991 2500 reprehendunt
1008 2423 1164 2480 nostram
1180 2406 1287 2481 ἐπιεί-

297 2526 412 2575 κειαν.
462 2504 533 2574 Sed
552 2501 626 2592 bis,
647 2521 687 2591 ut
700 2534 822 2600 spero,
847 2512 876 2579 si
893 2514 1000 2582 modo
1016 2511 1197 2600 continget
1205 2535 1288 2602 pax,

297 2602 400 2674 tacite
415 2606 676 2679 satisfaciemus.
730 2609 837 2681 Mitto
855 2612 921 2682 tibi
941 2613 1138 2705 exemplum
1157 2612 1289 2704 episto-

298 2703 597 2794 laeNazianzeni,
628 2735 699 2805 quo
723 2726 892 2801 evocatus,
910 2717 954 2783 ad
976 2714 1161 2808 Synodum
1184 2726 1289 2803 negat

297 2831 334 2874 sc
351 2820 540 2877 venturum
556 2835 646 2897 esse,
671 2812 754 2904 quia
770 2814 905 2885 nullius
920 2816 1059 2910 Synodi
1073 2817 1205 2885 exitum
1222 2815 1289 2884 bo-

299 2930 386 2976 num
401 2909 540 2982 viderit.
593 2910 671 2983 Hoc
694 2913 797 2982 nobis
816 2917 860 2983 de
881 2917 1115 2986 conventibus
1132 2915 1207 2984 istis
1221 2939 1288 2983 no-

299 3008 380 3078 stris
395 3011 536 3079 videtur
549 3034 653 3082 senex
668 3013 730 3083 ille
746 3011 942 3105 Gregorius
959 3017 1179 3087 vaticinatus.
1216 3014 1288 3085 Le-

297 3132 356 3199 ges
376 3106 534 3209 Ductori.
587 3113 686 3187 Verti
709 3116 817 3189 enim.
868 3109 1063 3186 [oachimo
1081 3118 1287 3209 scripseram

298 3204 365 3279 hoc
386 3212 605 3301 exemplum,
628 3219 696 3286 sed
719 3217 801 3308 quis
827 3217 865 3285 in
887 3230 985 3307 tergo
1011 3212 1158 3287 babebat
1181 3239 1288 3310 quas·

298 3313 379 3380 dam
396 3313 528 3402 lituras,
553 3317 650 3386 aliud
663 3316 716 3387 illi
733 3320 866 3409 paravi.
892 3317 1040 3414 ἕῤῥωσο.
1073 3317 1286 3409 X.Scptem·

297 3412 383 3484 bris
1301 3432 1303 3437 '

1043 3515 1236 3600 Φίλιππος.

311 3882 375 3956 No.
391 3885 477 3958 898.
571 3910 573 3917 ·
1107 3894 1281 4017 Q

468 4067 675 4152 Brentius
707 4069 769 4152 ad
791 4071 1112 4156 Isenmonnum.

299 4314 301 4319 Ι
364 4252 384 4310 ἦ·
404 4245 531 4300 Εωδὶω
545 4241 776 4297 Sucro-llalcnsi
794 4262 837 4316 ep.
855 4245 897 4298 15.

298 4394 511 4470 Iohanni
541 4395 824 4470 lscnmoano
864 4394 1103 4472 Iohannes
1136 4396 1285 4487 Bran,

314 4524 319 4533 ·
740 4502 848 4575 lius.

298 4636 338 4725 S.
367 4654 404 4721 in
419 4647 573 4725 Christo.
627 4649 755 4744 Accepi
775 4654 891 4725 literas
908 4668 1001 4739 tuas,
1033 4620 1054 4726 e
1079 4618 1210 4750 quibus
1230 4658 1284 4726 vi-

1360 618 1471 736 mn.
1507 633 1552 734 i.
1605 661 1736 738 csso.
2129 670 2146 705 ·
2256 602 2329 740 sse

1344 858 1425 904 rum
1448 835 1486 904 in
1508 835 1691 907 ministros
1711 833 1874 907 eeclesiae
1896 835 2016 905 eadem
2041 836 2227 906 nobiscum
2249 859 2330 906 sen·

1345 934 1436 1006 tiunt
1455 936 1542 1006 boni
1557 937 1701 1033 quique.
1729 1000 1733 1007 .
1751 938 1840 1023 Sed,
1855 937 2010 1035 -inquis,
2043 932 2328 1030 pseudoprophe-

1342 1050 1398 1106 tae
1421 1051 1504 1108 sunt
1536 1053 1571 1108 et
1591 1035 1808 1110 homicidae.¹
1863 1035 1929 1123 At,
1950 1036 1990 1106 'si
2015 1050 2134 1127 postra
2158 1040 2275 1109 medis
2294 1054 2329 1112 et

1342 1139 1565 1209 conditiones
1587 1152 1824 1232 acceptarent,
1855 1139 2059 1209 desinerent
2080 1161 2153 1208 esse
2172 1142 2331 1230 pseudo-

1341 1234 1536 1330 prophetae
1548 1253 1583 1309 et
1593 1235 1802 1312 homicidae.
1853 1239 1996 1332 Ubique
2017 1239 2112 1309 enim
2135 1254 2170 1312 ct
2193 1262 2330 1332 semper

1341 1340 1534 1431 excipimus
1548 1341 1744 1411 libertatem
1763 1340 2004 1432 etpuritatem
2027 1338 2228 1425 doctrinae,
2259 1366 2330 1435 qua

1340 1442 1484 1510 obtenta
1500 1456 1583 1510 tuuc
1598 1441 1877 1512 dominationem
1893 1441 2137 1533 episcoporum
2158 1444 2328 1513 detrecta-

1339 1542 1419 1610 res?
1468 1539 1590 1615 Nescis
1604 1543 1744 1636 quantis
1758 1543 1927 1612 oneribus
1941 1556 2149 1634 premantur
2160 1543 2229 1613 viri
2243 1545 2329 1613 honi

1340 1642 1556 1712 ecclesiastae
1572 1644 1609 1713 in
1627 1644 1811 1713 ducatibus
1827 1644 2036 1735 evangelicis
2050 1645 2095 1714 ab
2116 1644 2328 1715 officialibus

1340 1756 1374 1813 et
1389 1744 1801 1835 praesectis‘priucipum.
1852 1741 1902 1814 Et
1922 1758 1964 1815 ut
1985 1745 2066 1815 aula
2088 1745 2327 1816 ministerium

1340 1842 1380 1912 in*
1395 1844 1537 1914 ecclesia
1552 1846 1709 1928 ordinet,
1740 1845 1846 1914 bonis
1857 1868 1941 1914 non
1959 1845 2100 1916 videtur
2113 1848 2327 1917 consultum.

1338 1941 1514 2036 Expertus
1532 1947 1606 2038 ipse
1621 1970 1762 2041 quoque
1775 1968 1811 2015 cs
1826 1948 1919 2038 apud
1938 1959 2094 2031 nostros,
2118 1954 2225 2040 quam
2240 1968 2328 2040 pru·

1338 2046 1482 2133 denter,
1504 2041 1614 2141 ueram
1630 2044 1820 2117 clementer
1836 2047 1955 2115 rustici
1966 2046 2036 2131 illi,
2062 2048 2112 2115 sic
2128 2049 2224 2118 euim
2237 2049 2327 2120 voco

1339 2146 1446 2216 laicos
1461 2149 1572 2231 cives',
1597 2149 1799 2218 ministrum
1816 2148 1979 2217 ecclesiae
1996 2161 2154 2223 tractent.
2189 2147 2327 2241 Septies

1338 2249 1429 2317 mori
1445 2249 1561 2340 cupis!
1616 2246 1735 2319 Audio
1758 2250 1885 2318 fortem
1906 2248 2132 2335 sententiam,
2163 2250 2327 2344 qualibus

1339 2365 1540 2419 nostrorum
1570 2353 1672 2420 mailli
1697 2373 1762 2419 nos
1787 2350 1891 2418 etiam
1915 2343 1973 2417 hic
1995 2350 2209 2423 obtundunt.
2269 2349 2337 2434 At,

1338 2473 1412 2519 nou
1436 2446 1503 2519 hoc
1525 2451 1656 2539 agitur,
1688 2448 1909 2531 rrtBrentius
1931 2452 1986 2520 vel
2004 2448 2234 2522 lseumannus
2251 2478 2326 2522 ma·
2373 2522 2385 2529 ,

1339 2550 1468 2633 riatur,
1500 2553 1552 2620 illi
1570 2555 1664 2620 enirn
1681 2554 1726 2621 ad
1744 2568 1893 2623 rnortem
1911 2553 2022 2642 parati
2038 2566 2139 2636 sont,
2166 2577 2229 2622 nec
2246 2577 2326 2641 ege·
2364 2548 2368 2555 ¹

1338 2653 1390 2721 bit
1420 2654 1522 2742 longa
1552 2653 1807 2744 disputatione,
1844 2655 1874 2722 si
1898 2651 2075 2724 Dominus
2098 2668 2216 2738 vocet3
2259 2651 2325 2724 boc

1337 2768 1455 2923 aa&
1472 2754 1602 2843 agitur,
1624 2779 1669 2825 ne
1685 2755 1807 2825 iniusti
1826 2768 1858 2823 et
1874 2767 2013 2845 praeter
2026 2755 2201 2824 rationem
2216 2757 2327 2825 eccle-

1338 2852 1397 2923 si?¹
1447 2855 1683 2946 persecutioni
1708 2869 1741 2926 et
1767 2856 1874 2925 morti
1896 2855 2115 2929 abiiciamus.
2168 2854 2246 2926 llos
2270 2859 2325 2926 lu·

1337 2956 1464 3042 gimus,
1493 2950 1559 3025 boc
1575 2958 1753 3040 timemus,
1779 2951 1845 3026 ltoc
1859 2957 2008 3026 sollicite
2023 2980 2197 3029 cavemus.
2234 2955 2325 3027 Nam

1337 3057 1474 3124 etiamsi
1490 3057 1608 3149 aliqua
1623 3057 1661 3126 in
1677 3059 1866 3149 propositis
1880 3056 2145 3127 conditionibus
2159 3059 2327 3128 videntur

1337 3156 1482 3227 duriora
1501 3157 1750 3252 etiniquiors,
1782 3173 1875 3228 certe
1891 3158 2021 3228 iniusta
2039 3170 2070 3226 et
2091 3158 2198 3249 impia
2220 3182 2326 3227 nemo

1337 3281 1498 3328 accusare
1513 3274 1656 3350 potest·
1687 3257 1735 3330 Et
1747 3283 1821 3329 nou
1845 3261 2016 3329 continuo
2039 3274 2091 3330 est
2110 3260 2326 3339 scandalum,
2397 3336 2399 3341 ¹
2518 3333 2521 3339 ,

1337 3361 1435 3452 quod
1465 3361 1605 3432 rusticis
1638 3386 1713 3432 uon
1742 3363 1864 3452 placet.
1931 3360 1970 3431 Si
1996 3362 2201 3430 scandalum
2227 3376 2328 3443 esset,
2376 3368 2393 3392 ⁴

1338 3461 1492 3530 casulam
1506 3462 1720 3534 missaticam
1736 3476 1871 3534 retenta
1893 3461 2249 3540 libertatedoctrinae
2269 3462 2327 3532 in-

1338 3563 1462 3646 duere,
1495 3576 1530 3633 et
1552 3587 1624 3632 nou
1646 3578 1736 3633 esset
1754 3563 1957 3635 scandalum
1976 3564 2024 3632 ob
2045 3563 2208 3633 reiectam
2224 3587 2327 3635 casu·

1337 3664 1429 3747 lam,
1466 3665 1576 3732 verbo
1596 3664 1768 3752 evangelii
1792 3664 1924 3756 privari
1945 3678 1979 3733 et
2001 3664 2113 3734 multa
2128 3664 2242 3737 millia
2259 3660 2327 3736 bo-

1337 3764 1474 3833 minum
1492 3764 1615 3837 occidi.
1664 3762 1712 3836 Et
1733 3766 1763 3833 si
1785 3767 1931 3835 omuino
1946 3765 2150 3835 scandalum
2171 3779 2237 3848 est,
2269 3791 2327 3837 rc-

1337 3888 1475 3934 sumere
1497 3879 1626 3934 vestem
1647 3867 1876 3950 missaticam,
1908 3879 2030 3935 nostra
2052 3866 2155 3958 culpa
2178 3869 2327 3935 scanda-

1338 3965 1412 4033 bun
1431 3981 1498 4050 est,
1530 3967 1591 4059 qui
1605 3967 1786 4034 ecelesiam
1800 3981 1956 4037 nostram
1973 3969 2017 4034 de
2040 3966 2152 4036 libero
2174 3967 2324 4039 vestium

1337 4088 1404 4135 usu
1421 4090 1494 4135 nou
1509 4067 1592 4136 satis
1612 4067 1801 4156 diligenter
1821 4066 2056 4149 erudivimus,
2089 4092 2160 4160 quo
2183 4067 2246 4138 tali
2268 4070 2324 4136 vel

1337 4164 1399 4235 lali
1423 4192 1489 4238 usu
1513 4191 1587 4236 non
1610 4181 1804 4238 moveatur.
1854 4167 1923 4241 sed
1950 4167 2037 4261 quid
2053 4169 2189 4237 multa?
2236 4166 2324 4238 Non

1337 4282 1390 4337 est
1411 4269 1626 4351 timendum,
1666 4283 1705 4340 ut
1725 4270 1916 4339 adversarii
1939 4284 2058 4339 nostra
2083 4270 2196 4338 media
2226 4292 2324 4365 acce-

1335 4378 1446 4459 ptent.
1506 4368 1546 4440 Si
1571 4369 1667 4439 enim
1692 4371 1774 4464 quis
1797 4371 1984 4458 diligenter
2011 4394 2086 4441 rem
2115 4368 2323 4452 consideret,

1336 4472 1384 4538 ita
1401 4471 1667 4560 proposuimus,
1699 4487 1740 4542 ut
1756 4472 1939 4541 videamur
1953 4470 2090 4563 aliquid
2105 4472 2323 4552 concessisse,

1335 4595 1415 4639 curu
1430 4594 1470 4639 re
1486 4571 1559 4662 ipsa
1574 4567 1667 4641 nibil
1683 4574 1787 4666 plane
1806 4572 2096 4653 concesserimus3
2128 4571 2235 4664 idque
2255 4571 2346 4662 ipsi.

1336 4671 1446 4761 probe
1462 4670 1677 4762 intelligunt.
1727 4672 1839 4766 Spero
1863 4687 1999 4755 tamen,
2028 4695 2094 4743 nos
2114 4694 2234 4762 pacem
2259 4668 2323 4743 lra-

299 4760 382 4837 dco,
416 4755 520 4826 etiam
544 4767 578 4824 te
596 4755 822 4824 mediocriter
834 4771 972 4827 nostras
988 4758 1185 4849 propositas
1201 4782 1284 4850 pro·
1334 4773 1473 4842 bitur-0⁸
1498 4796 1579 4842 cum
1612 4797 1685 4842 non
1709 4773 1823 4844 dicam
1846 4773 2117 4864 approbatione,
2150 4776 2211 4842 scd
2234 4775 2323 4844 1019.

298 4857 488 4948 positiones
501 4855 707 4944 intelligere.
758 4851 812 4924 De
826 4857 1054 4930 multitudine
1069 4857 1282 4929 ieiuniorum
1332 4872 1448 4942 famia
1467 4876 1819 4956 nostraedmffime,
1852 4874 1887 4942 id
1912 4876 2005 4969 quod
2028 4875 2131 4945 „115oe
2147 4889 2321 4967 oppam,

298 4957 476 5051 quflttt'ss,
516 4970 552 5025 θῑ
581 4956 609 5026 Sl
632 4957 742 5047 Ps⁰lt⁰
765 4980 838 5025 rem
863 4958 1106 5050 ἷῐῑίῗθδρῖΰῖθδ,
1148 4959 1284 5031 Videbit
1336 4972 1527 5044 Volesum
1552 4975 1713 5057 ecclesia,
1743 4989 1788 5046 *et
1815 4974 2002 5065 diligenter
2027 4990 2136 5047 orate.
2200 4973 2321 5047 Saluta

300 5058 664 5150 usupraeternudum
681 5080 808 5126 rromen
825 5053 915 5127 nibil
929 5060 1150 5131 concessisse.
1184 5060 1281 5149 Quid
1333 5099 1458 5144 amnes
1479 5091 1618 5157 nomos
1645 5090 1678 5145 01
1700 5091 1847 5148 nostras,
1905 5072 1961 5147 Εχ
1984 5074 2161 5168 Augusta,
2194 5075 2321 5146 Domi.

298 5161 391 5228 ‘ssim
414 5172 515 5241 ‘¹¹⁰¹’
548 5180 651 5247 “³8⁰³
686 5158 814 5227 l⁰l¹¹¹¹l³
839 5159 1283 5250 Piplstlfstfelesslsslllter·
1334 5177 1412 5246 nica
1436 5191 1514 5267 post
1536 5174 1737 5248 Nativitatis
1763 5175 1916 5261 Mariae,
1955 5204 2043 5273 quae
2073 5178 2142 5248 suis
2166 5179 2224 5250 ll.
2246 5178 2321 5248 dies
2352 5186 2356 5191 ’

298 5262 377 5330 tatis
399 5259 585 5329 doctrina?
642 5254 689 5328 Et
712 5259 896 5350 oportebat
922 5283 988 5329 nos
1022 5261 1114 5330 viam
1143 5264 1282 5334 munire
1333 5271 1837 5369 septembrimannoxxx,

297 5360 504 5443 calumniis,
530 5385 575 5430 ne
591 5361 704 5433 nostri
719 5361 912 5431 adversarii
927 5385 1046 5432 coram
1061 5362 1283 5454 imperatore,

298 5467 359 5556 qui
382 5477 475 5532 certe
497 5462 650 5550 optimus
674 5463 730 5531 vir
750 5476 802 5534 est
821 5475 854 5532 et
870 5462 1034 5555 princeps
1051 5463 1282 5537 clementissi·
1331 5517 1559 5533 ...-......

296 5588 393 5642 mus,
433 5563 528 5656 quod
550 5565 789 5634 testimouium
811 5563 856 5632 ab
878 5564 1043 5633 omnibus
1065 5566 1170 5634 bonis
1196 5568 1282 5638 siris

298 5662 421 5747 babet,
445 5665 666 5734 traducerent
683 5688 747 5734 nos
764 5678 931 5758 tanquam
947 5666 1102 5735 carnales
1120 5667 1282 5761 volupta-

298 5769 341 5836 tis
362 5780 560 5837 assertores.
625 5762 677 5833 De
700 5765 941 5847 dominatione
962 5779 1079 5837 autem
1100 5768 1281 5862 episcopo-

350 5874 527 5937 )lrrssrrr.
553 5871 656 5936 Ocra.
700 5870 781 5934 vor.
808 5869 848 5935 ll.

1367 5733 1396 5802 *)
1416 5732 1598 5805 apographon
1614 5728 1679 5785 mibi
1693 5731 1804 5786 minora
1820 5731 1915 5786 babet:
1937 5735 1975 5786 10.
1992 5734 2053 5785 δίη
2066 5734 2237 5799 Decembris,
2254 5750 2322 5805 quse

1405 5802 1562 5867 emendari,
1579 5801 1642 5871 quia
1657 5817 1735 5854 error
1750 5796 1908 5855 ursraisertus
1921 5813 1969 5857 est.

1494 5876 1542 5947 24
