5434 6717
269 629 342 700 aar
730 651 733 656 -
845 578 1722 711 urrsroraruu‘urs.v.1sso.
1910 674 1913 678 .
2224 626 2301 701 scr

270 794 364 890 uilril
380 795 599 879 continebat,
625 795 694 863 nisi
710 791 888 886 querelam
903 786 1080 886 quandam
1096 790 1147 858 de
1160 785 1263 857 Basi-
1312 785 1534 877 exhibuisse,
1559 792 1898 888 diligentissimeque
1921 795 2147 865 admonuisse
2167 797 2300 866 consti-

271 899 460 982 irensibus,
485 899 548 989 qui
568 897 818 988 proposuerint
832 894 1007 976 edictum,
1029 904 1076 960 ut
1088 891 1262 960 sacerdo
1310 892 1463 976 tuendae
1476 892 1582 982 pacist
1622 893 1692 965 Sed
1707 897 1817 965 nescit
1832 897 2012 988 quomodo
2027 898 2091 986 per
2105 898 2227 965 doctos
2241 897 2300 965 in-

269 1016 323 1075 tes
355 1010 538 1088 asportent
570 1020 626 1066 res
660 1012 740 1063 sutt's
776 1019 817 1065 ex
852 994 959 1076 urbe,
996 1002 1261 1080 argumentatur
1311 1005 1547 1085 nocentesque
1569 995 1665 1064 viros
1691 1020 1766 1065 non
1786 1010 1964 1086 suspectos
1985 997 2061 1065 siue
2083 996 2300 1067 offendiculo

269 1097 356 1168 lraec
381 1099 466 1166 belli
487 1093 663 1190 προοίμια
684 1118 789 1179 esse„
823 1093 1082 1175 Nee-dubitat,
1123 1091 1212 1184 quain
1239 1114 1260 1158 a
1310 1092 1451 1161 articuli
1465 1094 1523 1162 isti
1538 1095 1677 1165 admitti
1691 1110 1752 1166 aut
1766 1098 2000 1181 dissimulari,
2024 1110 2065 1166 ut
2079 1097 2220 1180 scribis,
2245 1101 2300 1168 la-

270 1199 376 1271 Rom.
403 1199 580 1281 Pontillee,
593 1199 762 1266 incitetur
782 1197 824 1264 ad
850 1195 982 1264 bellum
997 1190 1259 1280 suscipiendum
1307 1191 1377 1261 cile
1401 1196 1554 1283 possint,
1580 1195 1803 1284 potissimum
1828 1201 1874 1266 de
1897 1192 2153 1277 monachorum
2174 1200 2300 1267 coniu-

272 1300 476 1390 lmperator.
528 1284 879 1393 Caspar'Mullerus
893 1293 1087 1385 praeripuit
1102 1292 1168 1360 tibi
1185 1288 1260 1380 epi-
1308 1292 1388 1382 gio,
1418 1295 1462 1361 de
1480 1294 1590 1363 Missa
1609 1298 1705 1386 apud
1732 1320 1797 1364 nos
1820 1299 1895 1366 fieri
1920 1299 2042 1381 solita,
2073 1323 2163 1389 quae
2183 1299 2232 1381 si,
2258 1315 2299 1371 ut

272 1403 407 1483 stolum,
429 1403 488 1469 sed
503 1424 543 1469 eu
558 1402 644 1489 lege,
669 1413 710 1468 ut
724 1399 790 1468 tibi
804 1390 968 1465 ostendat
981 1394 1123 1463 rediens
1136 1386 1257 1458 isthac.
1310 1396 1382 1477 vis,
1407 1395 1645 1477 amitteretur,
1669 1410 1710 1465 ut
1725 1397 1882 1489 ipsorum
1898 1412 1978 1466 utar
1994 1399 2128 1482 verbis,
2154 1399 2234 1487 iuge
2252 1401 2299 1469 it.

271 1501 351 1570 Non
382 1498 485 1569 valde
511 1500 667 1591 pugnavi
695 1520 775 1568 cum
800 1492 945 1595 homine
967 1495 1081 1562 amico
1106 1491 1259 1583 utrique,
1309 1495 1374 1561 lud
1390 1495 1599 1564 sacrificium
1615 1499 1897 1568 etsacerdotium
1914 1524 2055 1591 quoque
2071 1523 2177 1568 omne
2192 1501 2298 1573 tolle-1

272 1627 350 1672 curn
372 1615 460 1671 esset
484 1604 571 1671 adeo
593 1599 711 1672 brevis
730 1597 887 1693 epistola.
945 1589 1076 1684 Accepi
1099 1605 1133 1661 et
1155 1590 1259 1661 libel·
1307 1594 1417 1664 retur.
1465 1592 1574 1685 Cupit
1591 1597 1700 1684 igitur
1711 1604 1774 1685 per
1795 1602 1942 1668 modum
1965 1598 2192 1671 affectionum
2207 1609 2297 1691 pau-

272 1706 344 1772 lum
360 1694 666 1796 Oecelampadr'r‘,
690 1700 729 1768 iu
753 1722 824 1794 quo
843 1719 983 1767 mecum
1005 1695 1138 1783 litigat,
1171 1690 1259 1760 mis-
1308 1697 1358 1763 cis
1375 1694 1394 1763 a
1409 1709 1444 1764 te
1461 1695 1549 1763 scire
1563 1697 1602 1763 iu
1616 1692 1673 1765 his
1687 1698 1791 1768 fidem
1813 1713 1910 1769 tuam
1932 1713 2297 1785 veram,'et·tuor'uru

273 1828 347 1873 sum
362 1824 381 1871 a
399 1798 562 1877 Stibaro.
683 1838 687 1845 ·
710 1817 714 1823 ·
1274 1866 1277 1875 ,
1307 1820 1435 1885 puram
1453 1797 1726 1882 confessionem,
1759 1812 1801 1870 ut
1815 1824 1856 1868 ex
1871 1800 1990 1869 auimo
2006 1802 2224 1892 paucissimis
2240 1805 2298 1871 di-

370 1903 424 1972 De
447 1905 552 1973 nobis
572 1900 631 1995 hic
652 1906 814 1972 nondum
835 1899 1015 1967 decretum
1040 1908 1110 1977 est,
1130 1915 1258 1984 neque
1306 1898 1413 1979 catis,
1444 1898 1530 1988 quid
1559 1899 1720 1970 credatis.
1780 1899 1914 1985 Timet,
1954 1917 1995 1972 ut
2020 1904 2195 1992 suspicor,
2224 1915 2297 1977 'vos

269 2007 446 2096 accipiunt
466 2004 658 2073 adversarii
687 2001 927 2078 conditiones,
950 2006 1049 2090 -quas
1071 1993 1259 2097 proposui»
1309 1998 1446 2090 aliquid
1470 2001 1621 2067 monstri
1642 2000 1756 2084 alere,
1793 2016 1827 2071 et
1845 2003 1948 2071 aliter
1966 2027 2030 2071 ore
2052 2005 2168 2072 dicere
2190 2029 2296 2095 quam

267 2130 360 2178 mus.¹
411 2105 528 2174 Tanto
552 2105 631 2195 plus
654 2105 794 2183 vident,
824 2123 930 2192 quam
951 2099 1116 2191 quidam,
1135 2095 1202 2187 qui
1223 2117 1260 2160 se
1305 2100 1415 2166 corde
1445 2100 1596 2171 creditis.
1652 2097 1724 2168 Nec
1756 2102 1901 2188 desunt,
1933 2105 1994 2194 qui
2024 2105 2090 2173 ista
2111 2106 2154 2189 in
2175 2117 2297 2175 aurern

266 2207 527 2276 trobisamicos
546 2229 619 2275 esse
639 2205 856 2282 dictitarent,
887 2200 950 2292 qui
973 2223 1014 2267 ea
1034 2195 1259 2267 concessione
1303 2199 1452 2270 candidi
1476 2197 1653 2291 Principis
1678 2201 1899 2286 inculcant,-·
1912 2204 1973 2295 qui
1996 2206 2090 2294 apud
2111 2202 2296 2275 Caesarem

265 2307 553 2374 vociferabantur
587 2305 744 2373 solidam·
767 2294 976 2394 τυραννίδα
1001 2296 1256 2389 Episcoporum
1309 2301 1421 2370 nollet
1442 2301 1593 2370 levitatis
1617 2302 1789 2386 accusari,
1820 2327 1861 2372 ac
1878 2306 1998 2374 minus
2013 2306 2154 2398 'aliquid
2181 2320 2296 2376 atten-

263 2407 466 2476 ¹restitutam
492 2428 575 2477 esse.
634 2401 844 2491 Intelliguut
867 2401 983 2481 enim,
1020 2399 1107 2492 quid
1131 2394 1258 2469 habeat
1304 2415 1382 2469 tare
1396 2403 1491 2493 quod
1508 2422 1582 2471 uon
1597 2403 1777 2472 videretur
1790 2406 1835 2472 ad
1850 2406 2029 2495 publicam
2044 2403 2298 2497 pacemEccle·

267 2509 331 2575 illa
346 2506 523 2575 concessio
546 2505 785 2587 incommodi,
811 2524 1014 2594 quanquam
1036 2522 1098 2591 ego
1123 2496 1277 2591 optimo
1307 2504 1448 2594 sineque
1478 2504 1651 2573 unitatem
1677 2505 1800 2577 lacere.
1869 2505 2056 2598 Utrunque
2080 2505 2296 2598 Principem,
2337 2530 2340 2535 ·

269 2608 387 2676 animo
405 2621 544 2696 semper
560 2606 682 2696 putavi
700 2592 767 2672 ist'a
792 2604 1015 2697 concedenda
1039 2612 1123 2671 esse.
1162 2597 1255 2686 'Quo
1306 2615 1347 2693 ut
1365 2603 1511 2698 audio,
1539 2629 1578 2673 ex
1601 2604 1719 2689 animo
1742 2618 1846 2674 amat.
1905 2606 2018 2701 Nolle¹
2031 2609 2170 2703 itaque,
2200 2623 2241 2678 ut
2261 2623 2296 2678 et

270 2711 345 2777 iure
362 2708 455 2774 enim
474 2708 593 2774 licebit.
606 2707 712 2773 uobis
727 2704 918 2773 dissolvere
940 2696 1127 2773 πολιτείαν
1147 2694 1256 2769 eccle-
1308 2701 1375 2795 ipsi
1390 2716 1425 2772 et
1437 2690 1659 2795 principatus
1674 2729 1795 2775 eorum
1811 2706 2006 2776 discrimini
2027 2721 2297 2800 exponerentur,

269 2808 462 2893 siasticam,
488 2808 515 2874 si
532 2805 699 2897 Episcopi
723 2804 826 2873 nubis
844 2796 1137 2883 eoncetlant'illa,
1167 2824 1272 2895 quae
1303 2804 1368 2897 ‚secl
1384 2817 1425 2873 ut
1444 2798 1501 2895 his
1526 2804 1676 2873 comitiis
1700 2830 1779 2873 cum
1799 2802 1946 2877 Caesare
1961 2810 2006 2876 'in
2030 2810 2178 2899 gratiam
2199 2810 2296 2879 redi:

269 2911 418 3001 aequum
443 2923 493 2977 est
517 2904 586 2976 'cos
619 2894 820 2997 concedere.
854 2892 981 2972 {Et-:ut
1006 2905 1125 2986 liceat,
1164 2915 1255 2969 certe
1307 2902 1403 2988 cient,
1429 2900 1610 2975 sitantum
1627 2918 1662 2974 et
1678 2904 1730 2975 tui
1745 2907 1870 2992 darent
1884 2909 2050 2992 modum,
2076 2935 2147 3003 quo
2162 2880 2198 2980 id
2218 2912 2295 2980 sine

265 3032 342 3079 uon
369 3010 519 3099 expedit.
582 3006 729 3097 Semper
760 3007 807 3075 ita
836 3004 945 3075 sensit
968 3006 1043 3094 ipse
1070 2998 1272 3081 liutherus,¹
1306 3005 1521 3073 ollendiculo
1541 3006 1638 3074 orbis
1656 3019 1690 3073 et
1703 3004 1861 3076 Caesaris
1882 3023 2062 3081 contemtu
2081 3012 2157 3079 lieri
2174 3012 2295 3102 possit,

269 3130 373 3204 'quem
387 3111 487 3178 nulla
504 3111 547 3176 de
565 3131 687 3177 caussa
706 3107 876 3201 quidam,
909 3119 950 3175 ut
973 3106 1097 3187 video,
1115 3115 1256 3189 amant,
1306 3106 1368 3197 qui
1382 3106 1495 3197 qualis
1511 3121 1545 3175 et
1560 3121 1712 3199 quantus
1733 3108 1779 3176 sit
1801 3109 1981 3198 religionis
2002 3125 2035 3181 et
2057 3114 2295 3182 caeremonia·
2411 3122 2421 3131 ‘

269 3212 337 3280 nisi
359 3210 441 3304 quia
464 3210 634 3277 beneficio
659 3209 733 3276 eius
756 3207 911 3301 sentiunt
936 3228 971 3272 se
986 3203 1180 3295 Episcopus
1196 3226 1255 3270 ex·
1307 3229 1387 3273 rum
1405 3207 1626 3291 observator,
1653 3208 1768 3290 vides,
1791 3222 1825 3276 et
1839 3212 1948 3286 nullis
1963 3213 2107 3297 mediis,
2133 3238 2212 3281 meo
2236 3202 2294 3282 iu*-

268 3313 431 3394 cussissc,
455 3323 489 3377 et
505 3312 649 3400 adeptos
671 3310 869 3401 lilrertatem
892 3307 1040 3374 minime
1062 3306 1185 3375 utilem
1210 3306 1254 3371 ud
1286 3306 1417 3388 dicio„
1442 3331 1462 3377 a
1481 3309 1590 3376 veteri
1604 3309 1776 3376 missandi
1791 3310 1862 3378 ritu
1883 3314 2106 3398 avocabitur,
2122 3338 2194 3383 uec
2211 3339 2293 3405 per-

264 3412 516 3504 posteritatem.
568 3408 1059 3503 Qualiscuimcedo'sulurus
1075 3419 1126 3474 cst
1146 3408 1255 3473 status
1304 3404 1529 3476 suasionibus
1543 3409 1626 3476 ullis
1645 3409 1796 3477 mutabit
1815 3412 1995 3498 animum,
2019 3438 2083 3482 nce
2106 3414 2199 3484 siam
2216 3416 2295 3507 pri-

266 3515 312 3582 ad
336 3515 494 3602 posteros
516 3514 553 3578 in
576 3507 762 3591 Ecclesiis,
792 3507 822 3576 si
843 3528 972 3605 omues¹
989 3500 1256 3577 ecleresruorcts
1305 3522 1403 3577 ratas
1432 3509 1555 3577 missas
1582 3509 1729 3583 omniuo
1760 3511 1915 3597 aboleri,
1954 3538 2000 3582 ne
2028 3515 2170 3609 quidem
2200 3519 2294 3607 apud

267 3614 339 3682 sint
353 3612 496 3695 aboliti,
522 3612 552 3679 si
568 3612 660 3679 nulli
676 3610 761 3679 certi
777 3610 848 3677 sint
864 3608 1066 3698 praesides?
1113 3606 1256 3679 Rescri-
1305 3621 1449 3677 vestros.
1501 3614 1505 3623 “
1963 3686 1971 3697 ⁸

188 3734 195 3743 ·
261 3710 328 3799 be,
349 3729 473 3784 utrum
489 3708 551 3780 has
571 3713 720 3796 litteras,
748 3711 838 3779 item
861 3710 997 3800 priores
1020 3708 1255 3798 longiusculas
1405 3706 1581 3794 Proinde,
1604 3710 1655 3780 mi
1672 3703 1865 3806 Philippe,
1890 3717 1953 3806 qui
1971 3717 2041 3786 iam
2056 3712 2294 3811 hicprinceps

261 3815 451 3908 acceperis.
502 3812 590 3882 Vale
606 3812 764 3881 feliciter.
813 3809 911 3880 Prid.
929 3808 1022 3903 Nou.
1040 3808 1218 3899 Septemb.
1304 3823 1416 3878 sectae
1439 3823 1518 3879 tuae
1541 3810 1709 3894 crederis,
1739 3814 1837 3902 cupit
1855 3812 2062 3886 Leodiens'is
2084 3821 2206 3908 paucis
2228 3821 2294 3889 ab·

470 3928 473 3938 '
613 3922 615 3927 '
1008 3903 1202 3987 d'oe'ltrtnoc.
1303 3910 1415 3992 solvi,
1439 3911 1663 4000 quodnuper
1676 3911 1797 3982 multis
1812 3916 1930 3983 verbis
1947 3919 2067 4004 egisti,
2098 3943 2168 4009 quo
2191 3934 2292 4010 pacto
2324 3944 2328 3949 ·

1303 4010 1429 4091 missae
1443 4024 1577 4079 vestrae
1593 4011 1771 4101 publicae,
1785 4005 1944 4087 -Caesare
1967 4032 2002 4088 et
2021 4017 2206 4089 Pontificio
2220 4020 2292 4090 Le-

266 4098 1252 4155 -··“·······“-···”“····*··7’“““““··“·“““·’
1304 4123 1383 4198 gato
1398 4105 1494 4205 (cum
1511 4136 1581 4202 quo
1598 4123 1632 4181 et
1646 4108 1853 4183 Leodiensis
1868 4111 2060 4188 hisdiebus
2073 4143 2211 4189 causam
2232 4145 2293 4190 ve-

278 4264 333 4336 No
359 4247 433 4335 386
729 4250 731 4255 ·
1000 4196 1012 4305 ,¹
1115 4263 1136 4330 4
1165 4251 1242 4344 8Ρὼ
1304 4223 1412 4307 stram
1435 4208 1614 4306 tractavit)
1635 4215 1894 4303 annuentibus,
1926 4220 2066 4290 admitti
2085 4222 2237 4292 debeant
2259 4238 2294 4294 εἰ

292 4346 295 4352 ·
334 4312 344 4334 ’
435 4314 446 4336 ’
784 4340 786 4345 ·
1115 4308 1253 4378 ἔην’
1328 4312 1441 4380 ossint
1481 4325 1516 4381 et
1556 4312 1921 4387 rivatus-intereanon

274 4358 444 4389 m
464 4442 518 4528 N
543 4442 597 4528 N⁸
623 4426 686 4525 ad
715 4441 1049 4525 Melantkonem·
1303 4324 1615 4482 iacerdolibuieas
1628 4413 1744 4484 dicere
1758 4321 2293 4510 volentibuibiorirreltiomiiiliani,
2413 4425 2458 4507 ’-

1296 4509 1426 4601 Cogita
1445 4513 1495 4581 mi
1518 4509 1700 4606 Philippe,
1731 4520 1827 4610 quod
1846 4542 1921 4589 nou
1949 4523 2056 4591 modo
2077 4523 2235 4594 intuam
2258 4540 2293 4596 ct

335 4623 483 4681 coetuum
500 4620 677 4677 stomoma.
697 4619 730 4673 r.
747 4618 793 4672 ut.
832 4620 897 4674 ss.
918 4634 951 4662 a
992 4618 1134 4674 caeram
1152 4620 1251 4675 coete-
1301 4627 1465 4694 tuorum,
1497 4638 1621 4683 verum
1645 4617 1750 4686 etiam
1765 4617 1970 4712 Principum
1989 4646 2083 4708 rem,
2108 4622 2292 4715 ‘pub-nm

368 4687 919 4827 iiiiierisiicnoi’aperisiilie‘aliiuiiiliii
932 4688 1251 4812 iiidiiinoiiffffl
1302 4714 1465 4799 salutem,
1497 4711 1677 4785 Ecclesiae
1705 4719 1875 4789 unitatem
1907 4736 1942 4792 et
1965 4724 2165 4794 animorum
2192 4741 2292 4797 tran-

367 4847 504 4885 scrmones
529 4825 615 4896 Philip
636 4826 643 4876 i
666 4844 728 4878 cum
750 4824 869 4895 quodam
896 4824 953 4877 eius
973 4793 1133 4877 &nectarii
1153 4827 1251 4898 amico,
1296 4815 1510 4907 'qtllllllalem
1535 4840 1608 4885 esse
1626 4820 1815 4908 putaveris.
1870 4820 1996 4893 Nescio
2025 4848 2071 4894 all
2099 4829 2212 4896 ausim
2235 4825 2292 4898 dl·

366 4897 594 5036 tttttt'tptt
631 4894 1252 5031 ltlt‘ttttttlt.ttttttttlatte
1300 4918 1398 5000 ωε,
1432 4916 1503 4985 ³³¹⁰
1527 4918 1662 4987 ΜΠ]
1687 4919 1724 4986 ῑ“
1751 4942 1861 4991 m³¹¹¹¹
1879 4921 2041 4995 Cesseffi
2066 4949 2159 5014 0⁸⁸0,
2180 4930 2293 5023 'ruem

366 5035 428 5108 psit.
445 5060 481 5073 -
516 5030 650 5100 Quisnam
666 5028 749 5083 tuerit
762 5037 838 5083 certo
853 5030 915 5082 scin
930 5047 986 5081 non
1001 5028 1116 5098 potest.··
1301 5017 1429 5084 indies
1445 5018 1555 5106 magis
1572 5032 1606 5087 et
1621 5019 1731 5107 magis
1743 5025 1910 5092 nonnulli
1926 5044 2149 5119 exasperant,
2171 5032 2291 5124 cpuiurt

391 5167 621 5268 thppo
655 5164 974 5239 Melanthum.
1005 5166 1044 5239 S·
1069 5167 1112 5241 D
1302 5119 1495 5235 nonfacile
1517 5118 1693 5203 irritatur,
1726 5121 1776 5191 ita
1799 5126 1909 5194 semel
1932 5126 2091 5200 irritatus
2111 5131 2292 5202 difficilius

1114 5225 1124 5247 ⁰
1328 5241 1420 5287 ccam
1462 5232 1562 5288 otest.
2268 5252 2273 5259 ·

265 5303 402 5394 lterum
416 5331 520 5408 atque
535 5315 680 5395 iterum,
707 5313 754 5378 mi
774 5307 956 5402 Philippe,
985 5336 1047 5400 per
1068 5315 1183 5383 iocum
1199 5329 1253 5384 at-
1302 5240 1326 5309 p
1403 5244 1503 5388 Nihil
1519 5344 1584 5411 per
1597 5344 1672 5407 me,
1697 5324 1752 5391 vel
1768 5326 1862 5416 apud
1886 5332 2158 5401 summosviros
2181 5335 2289 5402 omis-

265 5449 332 5519 que
356 5422 460 5491 etium
487 5415 578 5482 serio
606 5437 686 5480 cum
708 5407 1034 5502 Archigrammateo
1057 5414 1253 5484 leodiense
1301 5442 1381 5487 sum
1398 5434 1447 5489 est
1462 5442 1526 5512 pro
1543 5445 1629 5512 pace
1643 5425 1863 5495 concilianda
1880 5443 1914 5497 et
1929 5425 2195 5504 honorevestro
2216 5410 2290 5504 sen-

265 5528 307 5595 de
322 5548 360 5594 re
376 5530 495 5591 nostra
513 5513 779 5601 diligentissime
796 5538 874 5581 sum
893 5529 1167 5599 conrnreutatus,
1191 5518 1252 5609 qui
1301 5521 1428 5591 vando.
1478 5520 1781 5594 Dissimularetur‘
1793 5520 1941 5598 lorte'iu
1967 5532 2194 5623 quibusdam,
2219 5538 2290 5606 uisi

257 5627 370 5723 ¹(lixit,
397 5646 432 5690 se
457 5616 689 5686 dominosuo
713 5616 1006 5683 consultationem
1025 5629 1121 5685 tuam
1146 5640 1253 5708 super
1301 5642 1413 5689 unum
1436 5637 1498 5694 aut
1516 5625 1666 5694 alterum
1695 5627 1859 5698 obstaret.
1919 5630 2030 5717 Sunt,
2066 5636 2129 5728 qui
2155 5638 2291 5722 dicunt,

185 5720 189 5731 '
264 5724 421 5799 articulis
436 5740 547 5812 usque
561 5714 774 5786 adiuturam
788 5714 972 5810 Synodum‘
988 5716 1253 5791 dissimulandis
1300 5724 1496 5794 nonnullos
1516 5748 1559 5796 ex
1578 5726 1683 5797 vobis
1702 5730 1907 5818 promittere
1930 5735 2097 5823 grandia,
2126 5760 2213 5832 quos
2235 5755 2290 5811 aa.
