5434 6717
343 530 442 656 10a5

861 556 1343 644 'sets‘rotattuat
1399 563 1509 642 LIB.
1543 563 1627 638 vlt
1680 563 1813 643 1535.

2203 599 2209 605 ·
2286 566 2399 638 ’1086

212 720 219 734 ⁴
326 748 429 847 (xl)
455 747 564 838 Quod
585 720 756 815 si‘autem
779 763 869 830 opus
891 739 1000 812 fuerit
1017 739 1189 810 diuturna
1212 739 1334 808 defen·
1383 733 1508 831 (XIV)
1536 736 1642 822 ltem,
1666 732 2002 812 cumRever'endiss.
2017 713 2398 829 legatiSercnissRe-

341 876 349 919 .·
392 855 493 923 sione
510 861 654 940 propter
671 843 976 916 continuationem
994 841 1080 910 belli
1097 841 1336 941 seutinvasio-
1435 841 1488 931 gis
1505 841 1576 910 sint
1591 843 1637 909 ad
1655 855 1794 932 tempus
1807 840 1847 908 in
1863 838 2054 911 Germania
2073 840 2327 931 permansuri,
2362 855 2398 909 et

393 955 450 1023 nis
464 948 765 1026 adversariorum,
789 939 867 1013 'hoc
883 966 986 1026 casu,
1010 955 1092 1013 cuin
1107 942 1284 1033 principes
1303 954 1338 1009 et

394 1052 562 1123 foederati
581 1048 727 1138 obligati
744 1048 816 1114 sint
830 1069 905 1115 non
918 1057 1057 1114 tantum
1071 1046 1114 1112 ad
1130 1043 1338 1114 ulteriorem

397 1152 621 1224 collationem
638 1149 827 1242 pecuniae,
856 1169 980 1215 verum
995 1145 1160 1214 etiamad
1178 1157 1338 1213 mutuam

398 1253 660 1336 defensionem,
700 1274 781 1318 cum
805 1244 1014 1339 corporibus
1037 1257 1072 1314 et
1095 1246 1263 1315 omnibus
1286 1246 1341 1314 fa·

399 1355 589 1426 cultatibus
604 1366 639 1421 et
654 1350 760 1420 bonis
777 1350 868 1432 suis,
894 1346 1063 1420 Sereniss.
1079 1344 1157 1418 Rex
1171 1371 1246 1417 non
1262 1369 1343 1436 gra-

399 1471 502 1528 vetur
526 1455 564 1522 in
585 1448 654 1522 hoc
678 1475 777 1536 casu,
807 1462 955 1540 urgente
978 1448 1201 1533 necessitate,
1236 1447 1342 1517 etiam

400 1556 553 1649 amplius
573 1554 751 1637 conferre,
783 1551 948 1621 videlicet
969 1550 1038 1618 alia
1058 1551 1208 1641 ducenta
1229 1548 1344 1616 millia

400 1657 635 1730 Coronarum.
684 1653 767 1744 Qua
784 1665 903 1722 tamen
920 1651 1068 1742 pecunia
1084 1676 1149 1744 pro
1165 1665 1264 1742 parte
1287 1649 1343 1718 di-

344 1763 351 1774 ’
398 1761 509 1829 midia
538 1780 712 1828 unacum
736 1778 797 1824 sua
820 1752 968 1844 pecunia
991 1753 1163 1822 foederati
1187 1763 1345 1825 utantur.

401 1857 450 1931 Et
467 1861 496 1928 si
513 1859 713 1946 contingat,
740 1856 843 1926 citius
859 1854 954 1922 finiri
970 1853 1123 1938 bellum,
1146 1866 1231 1923 tunc
1248 1852 1344 1944 quod

346 1970 352 2031 .’
402 1963 580 2054 reliquum
597 1957 723 2040 fuerit,
749 1956 929 2026 bonafide
947 1968 1164 2037 reservetur,
1194 1967 1230 2023 et
1244 1953 1345 2034 linito

345 2096 350 2109 ⁴
402 2078 560 2153 tempore
575 2056 897 2145 confoederationis
909 2054 986 2127 Ser.
996 2052 1088 2144 Regi
1103 2055 1321 2126 restituatur.

343 2177 368 2324 ·(
404 2295 465 2349 tur
485 2277 686 2367 Principes,
724 2295 798 2342 sese
827 2295 907 2341 cum
931 2272 1005 2340 suis
1025 2272 1226 2342 coniunctis
1248 2270 1347 2340 sufli-

403 2380 577 2449 cientibus
596 2375 820 2446 carrtionihus
837 2386 1097 2442 assecurnturos
1122 2397 1196 2442 non
1220 2373 1346 2452 solum,

404 2482 500 2574 quod
523 2475 730 2548 huiusmodi
753 2474 941 2565 pecuniam
971 2498 1045 2542 non
1075 2486 1281 2544 convertent
1308 2472 1344 2539 in

405 2582 653 2661 alium-usum,
687 2600 791 2669 quam
810 2578 855 2644 ad
873 2575 1114 2644 defensionem
1137 2575 1290 2646 foederis
1314 2588 1347 2643 et

406 2705 546 2752 causam
562 2677 745 2769 religionis
759 2700 830 2745 una
851 2699 932 2745 cum
954 2700 1016 2745 sua
1038 2678 1206 2768 pecunia,
1239 2699 1347 2768 quam

343 2823 347 2831 ·
407 2785 474 2875 ipsi
498 2783 536 2850 in
556 2780 620 2852 tali
641 2777 950 2849 confoederatione
975 2779 1181 2862 conferunt,
1221 2800 1346 2845 verum

346 2920 350 2927 ·
406 2887 514 2954 etiam
535 2883 632 2976 quod
658 2882 793 2969 integre
815 2891 851 2948 et
865 2878 1016 2947 fideliter
1033 2882 1148 2949 eidem
1165 2879 1242 2952 Ser.
1254 2876 1347 2965 Regi
1393 2899 1397 2905 ·

406 2987 554 3055 eandem
566 3006 759 3064 summam,
791 3002 882 3072 quae
899 2979 955 3047 vel
970 2981 1034 3050 ubi
1048 3006 1122 3051 non
1136 2980 1244 3051 fuerit
1258 3001 1348 3069 opus

346 3109 349 3129 =
407 3086 612 3161 defensione
634 3084 690 3151 vel
719 3093 799 3172 post
828 3081 1085 3151 defensionem·
1102 3083 1239 3175 reliqna
1271 3079 1349 3162 erit,

408 3187 611 3280 persolvent
627 3197 662 3254 ct
675 3184 861 3253 restituent
877 3205 976 3263 casu,
1009 3209 1080 3276 quo
1097 3208 1170 3253 non
1187 3180 1348 3252 fueritin

357 3366 365 3378 ⁸
410 3312 490 3360 eum
506 3285 803 3359 usumcollocata.
851 3331 860 3356 ,-

405 2175 460 2273 ll)
486 2176 594 2265 Quod
615 2176 645 2243 si
660 2172 737 2245 Ser.
754 2169 832 2243 Rex
846 2172 959 2240 facere
972 2171 1144 2255 volucrit,
1173 2170 1348 2261 poll-icen-

1409 1031 1411 1038 s
1438 967 1520 1013 cum
1533 942 1620 1017 viris
1635 943 1766 1026 doctis,
1798 943 1838 1010 in
1851 941 1957 1012 sacris
1972 941 2084 1011 literis
2101 943 2146 1010 de
2167 943 2396 1035 quibusdam

1439 1043 1596 1114 articulis
1625 1044 1855 1128 collocuturi,
1894 1057 2082 1134 precantur
2104 1041 2315 1134 Principes,
2355 1056 2397 1112 ut

1439 1144 1720 1238 quamprimum
1740 1145 1900 1215 animum
1921 1158 1956 1215 et
1976 1143 2186 1214 sententiam
2210 1143 2396 1218 sereniss.

1440 1244 1551 1335 Regis
1563 1247 1620 1316 sui
1634 1249 1678 1317 dc
1692 1247 1881 1338 praedictis
1897 1245 1936 1314 in
1949 1246 2092 1316 foedere
2106 1246 2396 1330 conditionibus,

1442 1348 1521 1417 loco
1537 1362 1571 1416 et
1588 1361 1681 1418 statu
1694 1348 1877 1432 ineundis,
1902 1346 2125 1418 sciscitentur
2138 1362 2171 1418 ct
2188 1348 2397 1442 inquirant,

1444 1463 1494 1532 et,
1528 1472 1610 1518 cnm
1639 1452 1683 1519 de
1706 1449 1752 1517 iis
1774 1449 1943 1520 certiores
1964 1449 2058 1521 'facti
2088 1449 2242 1532 fuerint,
2275 1450 2398 1531 nobis,

1443 1548 1600 1620 Electori
1616 1550 1788 1621 Saxoniac
1810 1564 1847 1621 et
1861 1547 2087 1639 Landgravio
2102 1547 2253 1620 Hassiae
2280 1552 2398 1640 signi-

1445 1652 1560 1721 ficem.
1622 1649 1731 1740 Quod
1761 1652 1868 1720 simul
1902 1665 2007 1743 atque
2040 1651 2205 1735 fecerint,
2246 1653 2398 1722 mittent

1445 1751 1630 1844 Principes
1646 1778 1711 1822 suo
1728 1767 1762 1822 et
1778 1752 1943 1823 Statnum
1966 1753 2304 1822 confoederatorum
2329 1778 2398 1822 no-

1446 1854 1543 1923 mine
1560 1855 1677 1924 statim
1692 1853 1844 1944 Legatos
1858 1855 1901 1923 ad
1916 1853 2087 1926 Sereniss.
2101 1850 2258 1944 Regem,
2285 1867 2323 1924 et
2340 1854 2399 1923 in-

1448 1969 1502 2023 ter
1518 1978 1577 2024 eos
1591 1978 1704 2025 unum
1723 1956 1934 2026 excellenter
1946 1957 2100 2036 doctum,
2125 1978 2200 2023 non
2212 1955 2340 2025 solnm
2358 1971 2400 2026 ut

1447 2080 1527 2125 cum
1550 2055 1720 2130 Sereniss.
1737 2053 1849 2147 Regia
1863 2054 2047 2126 Maiestate
2072 2057 2265 2146 diligenter
2289 2080 2401 2148 snper

1447 2157 1604 2227 articulis
1620 2153 1831 2228 christianae
1851 2158 2032 2229 doctrinae
2054 2159 2261 2240 conferant,
2293 2173 2332 2231 et
2355 2158 2401 2227 de

1448 2259 1658 2328 ceremoniis
1678 2259 1828 2351 aliisque
1848 2259 1888 2327 in
1911 2259 2053 2328 ecclesia
2081 2259 2289 2342 mutandis,
2329 2274 2402 2332 sta-

1448 2360 1590 2429 tuendis
1615 2374 1650 2432 et
1671 2360 1883 2430 ordinandis
1905 2359 2059 2431 fideliter
2080 2359 2308 2445 deliberent,
2338 2385 2402 2429 ve·

1447 2485 1527 2529 rum
1543 2461 1649 2531 etiam
1665 2464 1710 2533 de
1733 2462 1900 2531 omnibus
1920 2461 1964 2531 iis
1990 2461 2165 2544 articulis,
2197 2462 2244 2530 de
2264 2464 2405 2555 quibus

1447 2562 1620 2645 diximus,
1645 2588 1725 2633 cum
1740 2561 1910 2633 Sereniss.
1925 2559 2037 2651 Regia
2053 2562 2226 2650 dignitate
2246 2563 2404 2645 nomine

1446 2664 1710 2734 foederatorum
1725 2664 1940 2733 conveniant
1954 2677 1988 2734 et
2003 2663 2234 2737 concludant.
2252 2736 2256 2741 ,

1473 2853 1677 2928 Edwardus
1691 2853 1954 2925 Herefordens.·

1473 2990 1641 3062 Nicolaus
1654 2985 1786 3085 Heyth,
1807 3049 1810 3053 .

1476 3124 1656 3196 Antonius
1671 3121 1797 3193 Barns.

1475 3255 1536 3340 Sc.
1550 3251 1708 3344 &cistelei
1721 3234 1900 3344 §facticii
1994 3248 2125 3342 {littus
2136 3248 2174 3325 l.
2190 3273 2230 3343 pu
2246 3249 2383 3347 ,pellea
