5434 6717
434 684 509 763 681

1008 668 1448 753 EPISTOLARUM
1498 670 1703 748 LlB.·V1.
1757 671 1888 749 1588.

2389 678 2472 753 882

451 904 453 909 -
530 848 727 944 ¹Polybium
749 845 816 916 tibi
839 846 955 928 dono,
985 845 1132 916 missum
1160 838 1251 914 mibi
1280 843 1325 913 ab
1347 835 1425 910 An·
1477 831 1703 914 Clarissimo
1719 841 1815 928 viro,
1840 842 2123 940 Hieronymo
2145 825 2474 941 Bomgurtrie-

436 928 620 1048 ¹spachensi
642 950 808 1042 quodam.
859 945 916 1016 lbi
937 960 1019 1016 sunt
1048 949 1109 1017 illa
1130 937 1344 1027 aterensi,
1382 944 1426 1012 de

1607 968 1674 1030 ro,
1698 944 1865 1016 senatori
1875 943 2092 1040 Noriderg„
2118 970 2186 1016 suo
2207 948 2344 1034 onrieo,

383 1132 385 1137 -
438 1050 778 1150 ‘luibu‘memlnlle
802 1048 849 1118 ad
871 1072 926 1115 ¹¹¹⁰
951 1047 1113 1119 scribet&
1164 1045 1235 1116 sed
1255 1044 1427 1139 P⁰lybl¹¹⁵
1478 1054 1522 1145 S.
1542 1075 1588 1148 D.
1641 1060 1722 1148 Nori
1735 1101 1830 1147 nrsnc
1845 1076 2000 1169 primum
2016 1104 2146 1172 queror
2168 1080 2212 1148 de
2236 1083 2398 1152 consiliis
2418 1097 2476 1154 at-

437 1157 542 1235 valde
557 1147 648 1223 mihi
660 1149 812 1242 placuit,
835 1172 946 1243 coque
967 1148 1089 1238 putavi
1104 1146 1252 1236 dignum
1272 1169 1345 1215 esse
1368 1170 1428 1215 co·
1480 1202 1549 1270 que
1563 1179 1762 1250 actionibus
1777 1193 1998 1264 nostrorum,

438 1259 554 1329 (licem
573 1268 634 1327 1¹1³
654 1244 881 1322 blhllffllfflssi·
937 1247 1029 1319 Nam
1053 1272 1116 1338 ⁰8⁰
1140 1261 1327 1319 ⁰⁰¹¹le¹¹l¹¹⁸
1350 1268 1428 1315 ⁸⁰¹⁰
1479 1274 1591 1371 μίαν,
1616 1283 1762 1352 πολλῶν
1777 1281 1918 1374 ἰατρῶν
1936 1275 2086 1367 eieodot,
2113 1295 2178 1353 etc.
2230 1280 2401 1377 Princeps
2415 1288 2475 1357 vir

440 1383 501 1444 eo,
525 1378 635 1450 quem·
647 1351 788 1423 excudit
801 1345 975 1423 Secerios.
1024 1347 1109 1420 Meo
1135 1349 1266 1419 iudicio
1289 1346 1431 1438 sapien-

439 1473 495 1539 ter
509 1471 544 1529 et
556 1454 738 1549 perspicue
753 1464 874 1520 narrat
889 1473 946 1520 eas
961 1473 1034 1535 res,
1055 1475 1207 1545 quarum
1223 1447 1429 1518 memoriam

439 1555 556 1631 voluit
576 1556 621 1627 ad
643 1568 801 1646 posteros
822 1553 1018 1624 extendere.
1047 1553 1106 1621 sed
1133 1565 1235 1622 tuum
1257 1548 1431 1619 iudicium

441 1663 488 1733 dc
503 1685 544 1731 eo
564 1657 689 1729 audire
703 1655 805 1723 valde
825 1652 942 1744 cupio.

443 1834 447 1845 ,
544 1756 694 1835 Gaudeo
716 1768 751 1825 te
773 1750 958 1844 Euripidis
983 1765 1016 1821 et
1036 1747 1224 1845 Sophoclis
1242 1744 1433 1820 Thebanos

440 1861 581 1935 fabulas
599 1880 779 1939 enarrare,
802 1878 903 1938 nam,
927 1865 1099 1946 quantum
1123 1876 1186 1943 ego
1209 1851 1353 1944 quidem
1376 1849 1433 1916 iu-

443 1967 562 2037 dicare
578 1981 740 2054 possum,
763 1954 884 2024 nullae
900 1967 984 2025 sunt
999 1955 1162 2024 meliores
1183 1953 1223 2021 in
1248 1950 1433 2043 utriusque

443 2060 625 2149 Poematis
644 2058 827 2128 omnibus:
859 2056 928 2124 scis
948 2048 1037 2125 mihi
1069 2078 1207 2147 semper
1239 2053 1370 2122 mirum
1395 2050 1434 2118 in

444 2167 592 2241 modum
606 2155 819 2241 Phoenissae
832 2157 1015 2248 placuisse.

490 2336 492 2341 ,
547 2263 602 2335 De
617 2254 662 2329 F
657 2257 821 2342 ranciaco
835 2259 931 2352 quod
947 2257 1034 2326 scire
1048 2248 1163 2347 cupis,
1183 2254 1232 2323 ita
1248 2277 1285 2322 se
1301 2276 1356 2322 res
1371 2246 1435 2320 ha-

444 2367 519 2437 het:
545 2366 649 2437 docet
665 2356 781 2431 adhuc
794 2381 932 2447 graece,
955 2381 995 2440 ac
1010 2379 1107 2426 nunc
1122 2352 1318 2424 Hesiodum
1334 2353 1436 2422 lucu·

444 2469 562 2539 lenter
576 2475 734 2535 enarrat:
760 2456 825 2528 hac
843 2457 1001 2551 proxima
1015 2469 1143 2525 aestate
1156 2456 1334 2525 enarravit
1343 2452 1435 2522 Ara·

445 2582 535 2640 tum.
592 2563 744 2635 Gratum
771 2554 864 2629 mihi
891 2571 960 2642 est,
1000 2558 1095 2650 quod
1129 2580 1226 2627 meos
1245 2553 1436 2625 familiares

446 2665 689 2760 complecteris
712 2676 817 2756 atque
840 2683 965 2744 ornas,
1004 2670 1193 2750 amantque
1213 2652 1252 2726 hi
1272 2670 1306 2727 te
1332 2653 1437 2723 vicis·

447 2771 514 2840 sim
542 2782 581 2839 ¹ct
610 2777 812 2836 reverenter
841 2761 975 2832 colunt.
1042 2757 1149 2827 Hunc
1180 2758 1435 2827 adolescentem

413 2906 415 2908 ·
446 2867 639 2945 Albertum
653 2865 851 2937 auditorem
865 2872 1020 2931 vestrum
1035 2860 1102 2931 tibi
1118 2858 1337 2928 commendo.
1373 2851 1434 2924 Est

448 2973 544 3043 enim
569 2965 811 3062 perstudiosus
833 2966 904 3046 tui,
942 2977 976 3033 et
997 2952 1247 3054 cupidissimus
1263 2959 1437 3027 bonarum

446 3062 657 3153 litterarum.
708 3064 771 3136 lile
786 3063 942 3152 rogavit,
969 3076 1041 3131 uta
1056 3075 1090 3132 te
1113 3073 1287 3153 peterem,
1313 3069 1352 3128 ut
1370 3055 1437 3124 sibi

446 3183 653 3268 potestatem
681 3168 813 3237 faceres
834 3165 1015 3234 interdum
1038 3176 1073 3233 te
1098 3160 1254 3233 adeundi
1290 3171 1325 3228 et
1352 3181 1439 3226 con-

448 3272 590 3349 sulendi
611 3272 656 3341 de
679 3268 751 3337 suis
771 3266 909 3338 studiis.
962 3262 1055 3333 Nam
1079 3261 1294 3333 valetudinis
1318 3280 1438 3329 caussa

449 3378 597 3464 domum
610 3368 821 3450 remittitur,
841 3365 905 3435 ubi
919 3362 1199 3434 commorabitur
1218 3359 1439 3454 aliquandiu,

335 3512 339 3527 =
450 3478 559 3568 idque
586 3486 724 3560 tempus
756 3466 912 3537 decrevit
945 3465 984 3532 in
1013 3464 1139 3537 studiis
1167 3462 1440 3551 etiam'ponere,

450 3600 532 3649 cum
546 3571 613 3645 erit
627 3582 779 3663 potestas
794 3565 962 3638 audiendi
980 3577 1014 3634 te
1031 3590 1071 3634 ac
1088 3576 1241 3634 caeteros
1267 3561 1441 3651 professo-

452 3700 520 3749 res.
579 3670 671 3743 lussi
693 3682 733 3748 ut
754 3660 978 3738 Sedunorum
1005 3667 1193 3754 diligenter
1213 3664 1351 3742 audiat,
1382 3655 1441 3730 hic

453 3779 548 3848 enim
565 3788 600 3845 ct
612 3763 837 3843 ,Milichum
852 3768 999 3842 audivit.

554 3871 674 3945 Dorr'i
685 3895 741 3942 res
756 3871 911 3940 minores
935 3881 1036 3950 sunt,
1061 3878 1102 3936 ut
1125 3887 1187 3954 ego
1213 3861 1356 3957 quidem
1382 3883 1441 3928 su-

452 3980 588 4073 spicor,
612 3976 685 4045 illis
705 3965 916 4063 triumphis,
940 3968 1002 4061 qui
1016 3967 1145 4060 passim
1161 3965 1247 4035 editi
1265 3965 1441 4052 leguntur.

452 4080 540 4165 ¹Vidi
554 4078 650 4148 euim
664 4076 798 4145 litteras
812 4071 928 4141 Patris
944 4070 1110 4160 scriptas,
1143 4066 1182 4135 in
1204 4065 1335 4157 quibus
1358 4074 1443 4144 erat,

455 4195 594 4254 tantum
616 4169 898 4255 tencriPolrus,
920 4184 954 4239 et
974 4170 1044 4239 alia
1065 4169 1237 4261 quaedam
1260 4164 1299 4233 in
1326 4163 1444 4233 littore

454 4281 596 4354 castella
620 4275 830 4369 oppugnari.
896 4263 1114 4341 Mathonem
1134 4290 1208 4336 nou
1232 4264 1367 4348 teneri,
1404 4287 1443 4332 ac

455 4389 562 4465 duces
576 4381 773 4472 speculatus
788 4376 891 4445 etiam
914 4371 1117 4440 dissuasisse
1133 4365 1444 4459 oppugnationem.

454 4484 509 4556 Dc
530 4481 672 4555 Corona
699 4501 796 4569 spem
821 4473 975 4565 aliquam
997 4467 1183 4542 habebant.
1242 4465 1352 4538 Recte
1372 4479 1445 4535 sto-

455 4581 649 4666 macharis,
683 4575 943 4672 quodquidam
968 4574 1059 4641 bene
1081 4569 1294 4664 promittunt
1308 4564 1446 4649 Turcis,

458 4713 522 4777 ego
547 4684 643 4756 enlm
668 4679 816 4750 omnino
840 4699 941 4768 spero
963 4673 1119 4745 ruituros
1136 4693 1220 4743 esse.
1273 4666 1447 4738 Gratulor

458 4789 526 4858 tibi
539 4799 657 4855 natam
680 4780 846 4863 filiolam,
870 4790 905 4846 et
920 4770 1102 4847 Christum
1125 4794 1266 4864 precor,
1290 4781 1330 4837 ut
1351 4782 1387 4838 te
1408 4789 1447 4836 ac

459 4889 606 4958 matrem
634 4896 798 4952 ettotam
822 4878 991 4948 familiam
1014 4889 1110 4947 tuam
1125 4885 1250 4943 servet.
1300 4864 1448 4959 Optime

460 5012 499 5061 ac
514 4985 713 5058 felicissime
727 4981 814 5050 vale.
865 4977 908 5049 V.
927 4979 979 5050 Id.
997 4975 1194 5047 Februarii.

1202 5065 1396 5149 Φίλιππος.

466 5254 1445 5291 ffl

1278 5394 1334 5461 16.
1350 5389 1438 5454 Febr.

1273 5479 1444 5510 m

684 5568 820 5650 'Hieu
847 5539 1206 5668 Boumgortnero.

462 5370 530 5476 iv..
548 5398 658 5475 tosa.

467 5497 638 5526 Μ

474 5540 491 5553 Ι
517 5550 519 5555 .

530 5748 616 5819 Epist.
633 5745 681 5798 lib·
698 5742 744 5796 Vl.
762 5763 790 5814 p.
802 5741 845 5795 83.
867 5769 903 5782 -
937 5736 1017 5789 Nunc
1038 5754 1067 5787 ex
1089 5732 1256 5803 autographo
1269 5729 1402 5792 Melautb.
1415 5729 1450 5785 ‘in

563 5816 627 5872 cod.
641 5813 754 5869 Monac.
770 5813 791 5863 l.
809 5831 835 5882 p.
851 5810 894 5862 57.
1074 5822 1076 5827 ·

2024 1182 2083 1248 sed
2100 1181 2147 1249 ita
2163 1182 2202 1250 lit
2220 1179 2316 1253 κατὰ
2339 1208 2475 1280 παροι-

1481 1394 1532 1450 est
1555 1381 1710 1472 optimus
1732 1393 1767 1450 et
1786 1381 2048 1450 amantissimus
2070 1383 2181 1473 pacis,
2214 1386 2273 1454 sed
2296 1384 2376 1471 ille,
2401 1412 2474 1481 quo

1481 1482 1691 1565 describis,
1716 1482 1875 1550 animum
1900 1477 2008 1552 habet
2031 1483 2240 1552 mirabiliter
2264 1486 2476 1574 violentum,

1483 1594 1517 1651 et
1538 1594 1633 1670 eget,
1666 1605 1706 1650 ac
1728 1578 1818 1651 mibi
1839 1606 1940 1674 saepe
1965 1585 2059 1654 visus
2083 1597 2134 1654 est
2157 1589 2418 1677 cupereomuia
2435 1590 2474 1659 in

1483 1705 1602 1753 casum
1622 1684 1717 1755 dare.
1774 1682 1814 1753 Si
1829 1681 1958 1753 Caesar
1974 1687 2104 1754 'ordine
2124 1699 2216 1776 petet
2235 1689 2373 1759 restitui
2388 1688 2475 1762 Μο-

1483 1778 1634 1868 nachos,
1667 1796 1702 1851 ct
1721 1783 1873 1867 similes,
1900 1808 1974 1855 nou
1994 1787 2072 1855 vult
2092 1780 2283 1857 Lotherus
2307 1792 2350 1858 ad
2377 1772 2478 1862 arma

1486 1884 1644 1968 decurri;
1668 1885 1726 1952 sed
1743 1882 1773 1951 si
1788 1907 1958 1975 personae
1969 1883 2145 1978 Principis
2159 1889 2357 1980 periculum
2367 1892 2477 1963 virini

1485 1986 1694 2067 molientur,
1720 1985 1892 2075 permittit
1908 1986 1961 2054 illi
1976 1987 2027 2056 uti
2048 2012 2112 2057 suo
2130 1989 2227 2071 iure,
2252 1978 2396 2085 siquod
2416 1993 2477 2064 lu-

1486 2087 1677 2156 reconsulti
1699 2087 1730 2155 ei
1757 2080 2034 2183 promittunt*)..
2084 2085 2162 2178 Ego
2189 2115 2263 2161 non
2289 2094 2474 2165 dissimulo

1485 2211 1562 2269 me,
1586 2201 1772 2278 propterca
1796 2190 1890 2281 quod
1913 2202 2053 2257 nostros
2075 2214 2220 2277 noram,
2253 2194 2361 2263 fuisse
2382 2198 2478 2291 pacis

1487 2288 1707 2378 cupidiorem
1729 2286 1918 2375 Augustae.
1975 2287 2057 2358 Non
2083 2292 2176 2359 euim
2213 2297 2332 2363 credas
2362 2297 2480 2381 facile,

1487 2413 1592 2483 quarn
1607 2389 1712 2477 longe
1729 2388 1845 2456 absint
1858 2391 1901 2457 ab
1914 2390 1974 2460 illa
1988 2386 2201 2481 Evangelica
2224 2398 2416 2467 constantia
2441 2415 2480 2469 et

1487 2489 1729 2559 moderatione
1744 2490 1928 2575 nonnulli,
1954 2515 2059 2584 quam
2083 2492 2230 2580 iactant;
2256 2498 2333 2581 sed,
2356 2509 2399 2567 ut
2416 2500 2481 2568 vi-

1487 2591 1576 2674 deo,
1606 2604 1724 2659 motus
1746 2590 1862 2673 fatalis
1883 2603 1947 2663 est.
2004 2588 2078 2661 Nos
2098 2596 2321 2668 orationibus
2346 2601 2480 2670 nostris

1488 2691 1814 2760 commendabimus
1830 2698 1909 2760 rem
1923 2686 2077 2782 Christo.

1590 2786 1709 2860 Audio
1724 2816 1873 2861 vacuum
1886 2815 1960 2861 esse
1973 2795 2151 2886 quoddam
2165 2797 2477 2892 exiguum'stipen-

1488 2891 1605 2960 dium:
1639 2904 1690 2961 est
1714 2905 1830 2961 autem
1855 2889 1914 2963 hic
1937 2895 2155 2979 adolescens,
2190 2897 2284 2968 filius
2301 2900 2387 2969 civis
2403 2901 2478 2971 No·

1489 2991 1719 3085 ribergensis,
1742 2993 1955 3063 adolescenti
1973 3019 2102 3065 nomen
2118 3010 2169 3065 est
2185 2992 2335 3068 Alberto
2359 2996 2480 3072 Web-

1489 3091 1561 3164 ber.
1614 3091 1753 3162 Patrem
1772 3109 1873 3164 vocat
1889 3086 2088 3190 Georgium
2113 3092 2289 3174 Webber.
2331 3102 2481 3177 Videtur

1490 3189 1579 3262 mihi
1595 3195 1731 3263 bonum
1747 3209 1781 3266 et
1798 3188 2021 3266 commodum
2040 3197 2222 3286 ingenium
2242 3222 2331 3286 esse,
2355 3226 2398 3271 ac
2421 3206 2480 3273 di-

1490 3318 1620 3385 gnum,
1644 3296 1738 3388 quod
1755 3310 1869 3365 vestra
1884 3297 2095 3366 liberalitate
2111 3300 2240 3384 alatur,
2262 3315 2293 3370 et
2311 3324 2329 3370 a
2347 3307 2480 3392 puerili

1491 3395 1651 3465 doctrina
1675 3396 1853 3487 praeclare
1875 3396 2066 3468 instructus
2089 3414 2150 3473 cst.
2201 3396 2279 3470 Oro
2303 3402 2414 3491 igitur
2434 3419 2480 3492 te,

1490 3510 1531 3566 ut
1555 3497 1779 3565 commendes
1814 3520 1893 3568 eum
1920 3496 2078 3583 Senatui.
2144 3498 2221 3570 Hoc
2262 3502 2479 3590 beneficium,

1492 3597 1594 3666 crede
1614 3591 1721 3680 mihi,
1760 3598 1850 3667 bene
1876 3599 2110 3674 collocaveris.
2169 3599 2333 3692 Ignoscas
2364 3621 2479 3677 autem

1492 3692 1601 3781 mihi,
1626 3700 1720 3790 quod
1739 3694 1975 3788 haecnegotin
2000 3700 2067 3772 tibi
2089 3701 2246 3793 impono.
2298 3702 2365 3777 Est
2387 3708 2480 3776 enim

1493 3799 1561 3870 tibi
1591 3793 1730 3868 homini
1762 3801 1982 3882 doctissimo,
2024 3802 2359 3890 literarum-causa,
2397 3804 2494 3891 hacc·

1494 3899 1652 3970 molestia
1676 3902 1890 3988 devotando,
1932 3926 2021 3996 quae
2043 3917 2077 3974 te
2101 3906 2331 3996 praecipuum
2352 3905 2480 3980 babent

1494 4014 1685 4175 patlponum
1706 4003 1745 4072 in
1766 4014 1878 4073 vestra
1898 3999 2107 4095 Republica.
2165 4003 2262 4076 Bene
2283 4009 2372 4078 vale.
2427 4005 2480 4084 15.

1524 4125 1692 4175 eruaru.

2239 4204 2433 4292 Φίλιππος.

1496 4531 1563 4603 Νο.
1578 4531 1689 4605 1096.

1504 4627 1675 4660 Μ

2263 4546 2341 4627 (l'ere
2368 4494 2469 4630 Febr.)

2253 4640 2510 4681 κον-ς...

1747 4702 1905 4794 Beroia.
1945 4708 2231 4834 Rothmonrro.

1566 4899 1643 4954 Edita
1664 4900 1693 4954 iu
1710 4900 1811 4981 libros·
1823 4900 1911 4956 Series
1930 4903 2121 4974 episcoporum
2142 4905 2422 4979 lllonasteriensiem,
2443 4928 2484 4967 so·

1601 4971 1716 5035 ruodem
1737 4986 1770 5021 ue
1789 4979 1854 5022 vitae
1866 4989 1898 5025 sc
1910 4982 1983 5043 gesta
1996 4970 2024 5025 in
2038 4975 2165 5042 ecclesis,
2183 4981 2336 5048 conscripta
2348 4985 2383 5035 ab
2397 4982 2483 5035 llerru.

1602 5037 1682 5090 Koch
1718 4987 1813 5118 l’.lV·
1836 5037 2009 5105 (Monasterii
2024 5040 2112 5113 1805.)
2131 5063 2156 5113 p.
2174 5045 2230 5097 199.
2268 5047 2389 5117 llcpetits
2405 5049 2483 5102 alii·

1601 5077 1752 5185 stemshero
1771 5120 1800 5156 so
1822 5105 1883 5158 dem
1900 5107 1992 5160 Neuen
2008 5109 2121 5162 literaer.
2133 5114 2265 5183 Anaeiger
2276 5114 2378 5182 (taos.)
2393 5136 2420 5188 p.
2429 5117 2483 5170 161.

1603 5173 1777 5228 Contuhmus
1789 5175 1961 5246 apographon
1977 5176 2057 5229 buius
2070 5178 2147 5246 epist.
2164 5183 2294 5235 vetustiss.
2313 5202 2345 5237 es
2359 5195 2485 5256 autogra-

1622 5241 1657 5294 ho
1675 5239 1795 5324 iactum²
1820 5254 1985 5296 asservatum
2005 5244 2033 5295 in
2049 5244 2116 5299 bibl.
2131 5246 2213 5319 liegia
2226 5248 2434 5308 llsnnosersoa.
2452 5285 2485 5299 -·

1619 5328 1645 5394 ⁸e
1658 5308 1847 5391 emendatione
1858 5328 2001 5365 sacrorum
2013 5311 2043 5364 in
2056 5313 2123 5367 urbe
2133 5315 2294 5372 Monasterii
2308 5320 2361 5373 vid.
2372 5321 2486 5377 Sieidsn.

1604 5381 1757 5433 nommant.
1776 5379 1822 5432 lib.
1837 5379 1870 5432 x.
1889 5397 1917 5450 p.
1929 5379 1982 5432 267
1993 5397 2033 5450 sq.
2052 5406 2087 5418 -
2122 5383 2218 5456 Coepit
2230 5386 2421 5444 llotlsmaouos
2433 5388 2485 5444 iam

1602 5465 1673 5499 auno
1689 5444 1765 5503 1582.
1778 5463 1853 5500 sacra
1869 5447 2031 5518 emendare,
2048 5457 2074 5502 et
2094 5451 2159 5505 haec
2172 5454 2355 5511 blelantbonis
2375 5457 2486 5531 epistola

1602 5512 1895 5637 qcppptaaensgiipgpsitiis
1907 5514 1987 5569 buius
2000 5518 2213 5588 emendationis,
2232 5542 2297 5594 ergo
2317 5523 2376 5581 lere
2394 5540 2485 5601 meuse

1499 5700 1722 5720 *-

1533 5797 1564 5866 *l
1582 5793 1684 5867 spana.
1697 5791 1798 5849 edidits
1809 5794 1993 5862 permitterem
2012 5793 2059 5849 sed
2070 5795 2202 5868 scriptum
2216 5808 2269 5854 ests
2283 5750 2465 5875 orornittssnt.
