5434 6717
551 676 661 749 37

649 1076 689 1118 a
711 1052 942 1137 ,legatis
961 1054 1542 1138 Norinbergensibus
1569 1059 1633 1116 in
1659 1053 1940 1119 Comitiis
1973 1055 2344 1136 Augustanis
2380 1060 2532 1118 sori-

647 1158 892 1241 ptarum
932 1158 1009 1219 ad
1038 1154 1330 1220 Senatum
1359 1155 1918 1239 Norinbergensem.
2022 1158 2204 1220 Hunc
2244 1158 2529 1236 indicem,

609 1290 614 1295 ·
647 1262 836 1323 simul
863 1254 1080 1322 brevia'
1094 1275 1441 1342 argumenta
1467 1265 1853 1341 epistolarum
1889 1267 2334 1340 coutinentem,
2397 1261 2529 1322 edi-
2583 1311 2584 1317 ,

2574 1376 2584 1397 “
2628 1366 2736 1443 D.
2788 1368 2952 1443 Ma
2973 1379 3053 1441 rt
3074 1369 3228 1440 ino
3278 1367 3419 1443 Lu
3439 1366 3732 1453 thero,
3787 1367 4014 1442 Patri
4035 1394 4172 1442 suo
4204 1368 4612 1450 carissimo,

649 1363 743 1426 dit
787 1359 1125 1425 Str-obelius
1171 1368 1237 1424 in
1279 1367 1403 1424 suis
1431 1360 1830 1424 Miscellaueis
1859 1361 1936 1424 T.
1962 1358 2048 1424 Π.
2084 1387 2145 1445 p.
2183 1371 2272 1430 18
2292 1364 2526 1429 -48.

593 1486 608 1495 ·
649 1478 714 1527 tt
740 1463 925 1527 Tom.
958 1462 1070 1527 III.
1111 1487 1174 1547 p·
1215 1466 1660 1532 195-——208.
1775 1462 2077 1545 Epistolas
2125 1470 2282 1545 ipsas
2327 1465 2528 1525 videre

651 1564 953 1629 Str-obelio
995 1586 1121 1628 non
1166 1571 1458 1647 contigit,
1524 1586 1720 1649 neque
1764 1570 1950 1643 alius,
2030 1566 2220 1650 quem⁴
2249 1572 2526 1644 sciamus,

645 1671 726 1731 tis
752 1690 900 1731 usus
931 1682 1054 1748 est,
1103 1690 1286 1753 quare
1315 1669 1668 1729 videbantur
1693 1674 1981 1749 temporis
2014 1673 2232 1729 iniuria
2261 1673 2523 1751 periisse.

649 1767 867 1850 Quum
893 1785 1093 1832 autem
1121 1794 1202 1832 ex
1231 1773 1386 1831 libro
1417 1768 1552 1834 Car.
1587 1766 2002 1831 Fickenscheri
2031 1769 2389 1849 (Θεῖώίώίε
2423 1771 2526 1834 btss

623 1869 1011 1954 'Rdtbstagss
1039 1887 1108 1953 gu
1123 1870 1448 1955 angsbutg
1473 1871 1556 1938 im
1575 1871 1648 1956 3.
1675 1879 1700 1938 1
1721 1877 1885 1940 580.
1920 1870 2164 1940 mamb.
2192 1879 2408 1940 1880.
2429 1872 2526 1946 8.)

649 1978 1121 2051 htdlexism,
1173 1979 1303 2037 illas
1333 1979 1614 2056 epistolas
1643 1995 1837 2055 nuper
1875 1988 2132 2055 repertas
2173 1998 2299 2036 esse
2319 2021 2336 2052 ,
2403 1987 2527 2035 sta-

649 2081 770 2139 tim
796 2076 876 2137 ad
903 2072 1364 2158 Amplissimum
1389 2074 1681 2138 Senatum
1710 2079 1970 2138 inclutae
2003 2079 2163 2137 urbis
2193 2076 2526 2138 Norinber-

654 2198 768 2260 ga·
788 2182 1032 2260 scripsi,
1090 2190 1150 2238 et
1179 2190 1245 2239 ut
1273 2180 1429 2240 mihi
1457 2181 1744 2260 epistolae
1766 2182 1907 2241 illae
1946 2184 2355 2256 mitterentur,
2418 2200 2524 2239 ro-

650 2284 808 2361 gavi.
927 2274 1170 2358 Quibus
1221 2282 1497 2362 precibus
1540 2277 1794 2342 Senatus
1836 2278 2268 2363 Amplissimus
2333 2301 2525 2363 quan-

581 2366 599 2379 ’
649 2402 834 2465 quam
873 2384 1141 2463 primum
1183 2381 1490 2444 dubitabat
1533 2384 1898 2456 satisfacere,
1959 2397 2158 2445 tamen
2206 2406 2239 2445 a
2285 2380 2521 2446 Clariss.

653 2474 938 2544 mmm
981 2483 1226 2547 tandem
1261 2498 1570 2568 permotus
1618 2497 1739 2563 est,
1801 2499 1871 2546 ut
1916 2486 2073 2547 mihi
2102 2500 2300 2547 totum
2328 2496 2525 2546 trans-

637 2588 910 2648 ‘mitteret
937 2589 1245 2653 volumen.
1313 2586 1451 2650 Hoc
1480 2590 1838 2668 inscriptum
1869 2601 1995 2652 est:
2052 2636 2096 2666 „
2115 2586 2166 2654 fl
2186 2590 2325 2669 ug&
2346 2585 2381 2651 b
2400 2603 2438 2653 tt
2456 2603 2522 2653 ts

653 2685 890 2771 ςίῐῲε
972 2683 1448 2771 ὃὶείώυοςσ
1480 2711 1506 2750 2
1537 2685 1745 2749 Acta
1822 2691 2119 2780 ¹5³.0·”
2241 2688 2526 2753 Continet

657 2794 796 2857 879
827 2793 1078 2871 paginas
1105 2794 1171 2850 in
1199 2789 1354 2852 folio
1374 2838 1391 2869 ,
1447 2797 1541 2858 79
1577 2794 1855 2872 epistolas
1885 2805 1945 2853 et
1979 2792 2069 2859 64
2099 2796 2359 2875 pagellas
2388 2795 2524 2876 epi-

655 2895 822 2952 stolis
850 2895 1130 2952 inclusas.
1231 2890 1542 2975 Incipiunt
1567 2896 1853 2974 epistolae
1884 2894 1943 2955 d.
1983 2899 2093 2958 17.
2125 2893 2270 2955 Maii
2299 2907 2356 2955 et
2385 2917 2525 2975 per-

654 2997 852 3054 tinent
894 3014 1081 3077 usque
1126 2990 1204 3053 ad
1240 3002 1354 3063 20.
1386 2995 1443 3057 d.
1478 2990 1856 3057 Novembris.
1955 2991 2182 3072 (Index
2210 3018 2246 3057 a
2275 2993 2525 3057 Strobe-

659 3097 746 3154 lio
775 3092 1226 3177 editus-tantum
1261 3109 1692 3159 commemorat
1716 3118 1855 3181 epp.
1882 3096 2022 3157 inde
2054 3118 2088 3157 a
2129 3102 2244 3165 17.
2278 3096 2338 3159 d.
2374 3095 2526 3159 Maii

661 3216 847 3279 usque
873 3195 951 3258 ad
988 3202 1099 3263 12.
1126 3191 1283 3278 Iul„
1351 3212 1412 3262 et
1451 3203 1672 3260 iterum
1713 3219 1746 3258 a
1775 3199 1834 3261 d.
1869 3202 1935 3265 7.
1965 3194 2173 3281 Septb.
2220 3222 2408 3284 usque
2447 3200 2525 3260 ad

623 3291 636 3303 ’
661 3298 772 3365 ¹4.
805 3293 951 3361 Oct.
980 3298 1277 3380 scalptas).
1377 3297 1652 3382 scriptae
1678 3314 1881 3364 autem
1912 3315 2052 3363 sunt
2081 3305 2367 3384 epistolae
2399 3323 2523 3362 non

653 3402 988 3482 legatorum
1028 3422 1212 3462 manu
1229 3447 1245 3480 ,
1313 3403 1418 3464 sed
1461 3404 1783 3465 scribarum
1800 3451 1818 3484 ,
1896 3408 2003 3486 qui
2052 3410 2232 3467 etiam
2276 3410 2525 3467 nomina

651 3505 986 3585 legatorum
1028 3506 1210 3564 simul
1248 3508 1738 3587 subscripserunt.
1838 3493 2113 3569 munitae
2142 3521 2344 3569 autem
2386 3521 2525 3569 sunt

654 3608 864 3685 sigillis
909 3609 1244 3687 legatorum
1261 3654 1278 3685 ,
1343 3621 1402 3669 et
1445 3612 1811 3671 extrinsecus
1850 3608 1926 3671 ad
1949 3605 2244 3673 Senatum
2267 3608 2522 3673 Norinb.

611 3739 616 3743 ·
652 3709 990 3791 inscriptae.
1093 3703 1250 3769 Sunt
1284 3713 1470 3792 igitur
1500 3711 1668 3794 quod
1704 3732 1817 3772 nos
1858 3711 2146 3775 dicimus:
2215 3709 2521 3793 Dtiginolz
2613 3743 2635 3770 ³

655 3804 918 3886 ῦπίὠῑε.
1016 3805 1235 3870 Forma
1279 3815 1587 3877 literarum
1619 3814 1848 3877 diversa
1880 3813 2090 3891 docet,
2153 3818 2382 3896 legatos
2410 3818 2523 3875 tri-

651 3911 766 3973 bus
791 3911 1045 3973 subinde
1075 3933 1217 3973 usos
1248 3933 1373 3976 esse
1410 3918 1651 3994 scribis,
1719 3937 1980 3999 quorum
2020 3920 2249 3998 primus
2291 3920 2524 3998 scripsit

657 4016 934 4095 epistolas
976 4014 1116 4075 inde
1157 4035 1194 4075 a
1238 4014 1298 4076 d.
1344 4021 1457 4084 17.
1482 4014 1636 4080 Maii
1681 4040 1873 4100 usque
1915 4018 1991 4079 ad
2035 4019 2095 4080 d.
2134 4026 2198 4087 6.
2229 4016 2521 4100 Augusti,

654 4115 960 4179 secundus*
978 4121 1260 4198 epistolas
1291 4140 1481 4202 usque
1510 4119 1587 4180 ad
1617 4119 1773 4187 d.··8.
1804 4116 2088 4183 Octobris
2110 4167 2129 4198 ,
2182 4125 2390 4183 tertius
2422 4144 2522 4182 re-

653 4218 847 4301 liquas
879 4239 1066 4302 usque
1097 4219 1176 4279 ad
1202 4219 1259 4280 d.
1301 4227 1414 4287 20.
1443 4217 1603 4283 Nov.
1703 4218 1860 4283 Inde
1879 4225 2060 4289 etiam
2092 4223 2397 4286 diversitas
2434 4236 2524 4286 est

653 4323 718 4381 in
744 4323 1032 4402 scriptura
1057 4325 1378 4383 nominum
1403 4327 1774 4404 legatorum3
1837 4328 2067 4407 primus
2095 4330 2257 4387 enim
2287 4329 2522 4408 scripsit

654 4416 991 4483 Volkamer
1031 4436 1094 4484 et
1133 4420 1596 4506 Paumgartner3
1669 4427 1999 4491 secundus:
2067 4426 2428 4491 Volkaimer
2471 4451 2520 4494 s.

651 4519 1054 4607 Volkaymer,
1081 4531 1263 4587 etiam
1295 4524 1722 4607 Volkheimer,
1762 4543 1820 4591 et
1850 4528 2344 4612 Baumgarttner3
2395 4546 2521 4594 ter-

638 4629 808 4689 h’ns:
853 4623 1191 4689 Volkamer
1216 4640 1277 4691 et
1302 4626 1747 4710 l’aumgartner.
1768 4663 1872 4679 --
1918 4630 2290 4716 Apographa
2319 4649 2523 4696 autem
2641 4636 2648 4643 “

649 4728 1044 4791 codessionis
1073 4727 1465 4811 Augustanae
1509 4745 1570 4795 et
1611 4736 1872 4795 aliorum
1916 4740 2274 4818 scriptorum
2311 4740 2522 4819 publi-

643 4850 862 4893 corum
897 4835 967 4892 in
1001 4836 1262 4893 comitiis
1281 4878 1302 4907 ,
1381 4855 1417 4894 a
1459 4837 1672 4915 legatis
1707 4839 1890 4899 simul
1932 4860 2071 4900 cum
2116 4839 2213 4900 his
2253 4843 2521 4922 epistolis

650 4935 864 5012 missa,
913 4924 1075 4994 nunc
1115 4955 1241 4995 non
1279 4934 1573 4999 habentur
1615 4940 1682 4999 in
1728 4937 1848 5001 hoo
1876 4944 2202 5004 volumine.
2307 4938 2515 5004 Caete-

648 5054 789 5095 rum
809 5054 938 5097 non
963 5038 1221 5116 integras
1253 5041 1533 5118 epistolas
1563 5039 1664 5101 hio
1697 5041 1952 5104 edendas
1976 5065 2101 5104 essa
2129 5048 2369 5126 putavi,
2419 5044 2520 5106 sed

649 5156 724 5197 ea
751 5148 992 5205 tantum
1019 5160 1098 5199 ex
1121 5143 1233 5215 iis,
1301 5161 1453 5222 quae
1480 5141 1558 5205 ad
1587 5162 1824 5203 causam
1857 5149 2137 5208 ecdesiae
2175 5160 2236 5208 et
2273 5151 2523 5228 religio-

642 5240 739 5299 nis
781 5253 1067 5320 spectant.
1183 5237 1444 5325 Reliqua
1487 5241 1563 5303 de
1608 5246 1784 5305 rebus
1826 5251 2091 5328 politicis
2135 5255 2523 5329 praetermisi.

649 5336 814 5401 Puto
858 5355 1059 5402 autem
1103 5328 1351 5404 lectores
1393 5364 1465 5404 eo
1512 5346 1713 5408 minus
1752 5369 1851 5409 me
1882 5346 2344 5433 reprehensuros
2377 5374 2521 5432 esse,

651 5441 822 5523 quod
851 5442 958 5504 has
991 5447 1271 5525 epistolas
1304 5446 1405 5506 hic
1433 5446 1631 5526 edidi,
1684 5471 1806 5533 quo
1838 5432 2120 5534 pauciora
2146 5465 2320 5532 suut,
2373 5476 2525 5538 quae

651 5562 817 5604 nuno
844 5547 908 5604 in
939 5547 1244 5607 tabulariis
1273 5551 1526 5629 publicis
1556 5550 1628 5610 de
1656 5551 1749 5613 his
1776 5558 2035 5617 comitiis
2064 5560 2282 5637 scripta
2310 5578 2525 5639 super-

651 5657 815 5705 sunt.
915 5644 1180 5709 Plurima
1212 5655 1373 5710 enim
1391 5697 1410 5727 ,
1462 5674 1653 5735 quum
1683 5652 1989 5740 Principes
2033 5662 2151 5742 ipsi
2201 5660 2521 5739 adfuerint,

654 5765 782 5806 non
818 5750 1065 5831 scripta,
1109 5751 1210 5811 sed
1244 5773 1444 5813 coram
1476 5769 1603 5816 acta
1635 5770 1792 5819 sunt.

1732 652 2610 748 EPISTOLARUM
2703 665 3084 748 mutv.
3186 668 3461 749 15³0.

605 850 692 930 7)
735 849 1021 936 Denique
1065 842 1234 912 Acta
1279 847 1813 926 Norinbergmia.
1858 846 1986 900 --'
2058 844 2291 915 Nactus·
2333 846 2534 913 fuerat
2655 843 2790 918 Nn.
2812 840 2994 919 678.
3096 868 3108 877 ·
3214 844 3223 853 ’
3320 840 3329 851 “

551 982 564 993 ·
651 955 964 1039 quondam
1005 952 1342 1014 Strobelius
1395 953 1660 1014 indicem
1705 948 2077 1037 quarundam
2121 957 2530 1036 epistolarum,
2589 960 2590 964 ’
3038 946 3045 951 ”

4519 668 4618 741 88

3794 856 3884 919 28
3896 896 3911 912 .
3928 848 4086 931 Apr.
4120 845 4612 929 (Norinbergae.)

3809 945 4602 983 Μ

3256 1033 3527 1118 Mart.
3568 1020 3989 1117 “Ianthen-o.

2769 1213 2941 1286 Epist.
2969 1211 3063 1269 lib·
3093 1211 3135 1267 1.
3162 1230 3220 1284 p.
3250 1215 3300 1270 1.
3339 1213 3486 1283 (eda.
3513 1211 3681 1269 tana
3710 1213 3801 1270 m..
3829 1213 3873 1267 ι.
3907 1233 3990 1287 ep.
4019 1214 4044 1265 1
4072 1215 4096 1282 >

2973 1550 2977 1555 ,
3043 1465 3565 1571 Philippus
3618 1468 4206 1545 Melanthon

2628 1589 2716 1681 S.
2754 1607 2847 1683 D.
2946 1603 3408 1704 Noribergae
3454 1635 3599 1679 non
3630 1611 3792 1702 plus
3822 1637 3968 1681 uno
3999 1612 4115 1680 die
4151 1607 4613 1691 substitimus,

2629 1713 2754 1781 ubi
2800 1715 3260 1803 cognovimus
3310 1708 3677 1781 Caesarem
3730 1708 4069 1805 postridie
4115 1703 4477 1780 Paschatis
4525 1710 4609 1793 e'x
4664 1716 4669 1726 '

2621 1806 2975 1883 Mantua
3005 1814 3339 1898 movisse,
3390 1827 3457 1883 et
3488 1837 3863 1905 properare
3895 1839 4055 1883 cum
4088 1812 4354 1901 exiguis
4385 1807 4609 1899 co'piis

2629 1917 2707 1984 in
2736 1908 3246 1989 Germaniam.
3345 1911 3413 1986 A
3447 1908 3522 1983 Τ
3523 1911 3715 1985 urcis
3761 1917 3972 2006 plane
4015 1916 4372 1985 affirmant
4414 1934 4608 1980 sum·

2628 2042 2831 2087 mum
2875 2042 3020 2089 esse
3067 2016 3482 2111 periculum.
3581 2014 3729 2087 Res
3770 2016 4181 2088 Pontificiae
4231 2015 4310 2083 in
4356 2007 4605 2081 Italia

2627 2114 2862 2189 adbuc
2910 2121 3114 2190 valde
3160 2117 3538 2210 impeditae
3581 2132 3767 2189 sunt.
3866 2118 4048 2189 Nam
4092 2115 4369 2187 obsidio
4412 2107 4503 2184 F
4493 2107 4607 2182 Io—

2629 2217 2921 2290 rentino
2959 2222 3216 2291 insecta
3251 2244 3327 2289 re
3356 2221 3582 2291 soluta
3617 2233 3757 2305 est,
3808 2220 3972 2314 quia
4003 2242 4336 2313 oppresso
4390 2228 4458 2285 et
4491 2215 4607 2284 in-

2629 2325 2917 2394 terfecto
2953 2322 3304 2414 praesidio
3337 2317 3753 2418 Ilispanico
3786 2325 3873 2390 ad
3908 2316 4344 2404 Pistor-ium,
4411 2340 4609 2386 exer-

2628 2425 2806 2494 citus
2856 2427 2979 2518 qui
3027 2424 3103 2493 in
3146 2424 3390 2493 castris
3417 2427 3506 2494 ad
3538 2417 4007 2494 Florentiam
4060 2434 4244 2507 erat,
4308 2436 4609 2512 propere

2628 2527 2932 2596 contulit
2973 2550 3046 2595 se
3087 2528 3179 2596 ad
3204 2518 3642 2610 Pistor-ium,
3705 2537 3786 2595 ut
3834 2550 4132 2615 poenam
4170 2532 4472 2593 sumeret
4517 2519 4606 2589 de

2625 2629 2914 2719 perfidis
2944 2628 3172 2701 sociis.
3276 2625 3382 2697 Ita
3411 2628 3651 2699 relicta
3685 2643 3783 2699 est
3817 2621 4237 2697 Florentia.
4325 2621 4605 2695 Petun-

2628 2743 2747 2799 tur
2794 2725 2912 2799 hie
2954 2744 3022 2799 et
3061 2730 3237 2800 aliae
3280 2730 3592 2815 fabulae,
3667 2730 3787 2798 sed
3831 2729 4168 2820 indignae
4208 2751 4390 2821 quae
4430 2726 4603 2823 sctri-

2627 2833 2892 2901 bantur
2953 2834 3040 2901 de
3103 2826 3361 2929 AfriS,
3453 2832 3579 2925 qui
3632 2844 3862 2901 totum
3927 2855 4123 2901 mare
4187 2830 4605 2899 mediterra—

2626 2957 2843 3003 neum
2891 2933 3220 3004 infestum
3275 2934 3620 3018 reddunt,
3681 2948 3748 3004 et
3779 2930 4062 3003 Caesari
4090 2931 4365 3024 aliquot
4394 2930 4605 3001 trire-

2626 3058 2777 3103 mes
2811 3024 3370 3128 interceperun't,
3418 3028 3670 3106 καὶτὰ
3706 3027 3944 3106 λοιπά.
4050 3031 4276 3103 Valde
4319 3032 4598 3124 praedi·

2569 3146 2570 3194 1
2626 3149 2829 3207 catur
2857 3137 3251 3208 constantia
3280 3137 3506 3207 nostri
3533 3135 3927 3228 Principis,
3991 3136 4178 3229 quod
4210 3158 4357 3203 non
4389 3132 4604 3225 dubi-

2625 3237 2804 3308 tavit
2831 3239 2919 3307 ad
2954 3232 3147 3308 hunc
3192 3253 3621 3309 conventum
3657 3237 4038 3329 proficisci,
4109 3248 4175 3304 et
4216 3237 4286 3305 id
4331 3226 4601 3331 κατόρῑ

2625 3338 2861 3431 θωμα
2890 3353 3176 3432 sperant
3204 3340 3476 3434 aliquid
3511 3339 3855 3411 momenti
3893 3340 4273 3421 allaturum
4321 3360 4464 3407 esse
4512 3336 4603 3407 a'd

2626 3443 3071 3513 retinendam
3119 3466 3384 3534 pacem.
3485 3434 3784 3512 Fuimus
3827 3443 4013 3535 apud
4046 3430 4601 3510 Pirchamerum

2624 3538 2842 3614 hodie
2894 3567 3019 3635 ego
3061 3558 3130 3615 et
3170 3540 3442 3629 Ῑοηαε,
3509 3544 3634 3636 qui
3683 3544 3770 3613 de
3819 3557 3890 3614 te
3942 3557 4009 3612 et
4053 3567 4258 3613 causa
4302 3538 4605 3612 honori·
4734 3558 4742 3569 ·

2625 3645 2753 3715 fiee
2790 3647 3044 3732 sentit,
3120 3648 3239 3716 sed
3296 3661 3400 3717 est
3447 3645 3656 3737 paulo
3700 3639 4189 3716 vehementius
4226 3645 4448 3715 iratus
4491 3646 4603 3741 τῷ

2638 3741 3058 3841 Οσιάνδρῳ.
3159 3746 3395 3819 Hodie
3425 3747 3817 3840 pergimus,
3863 3738 4212 3817 Christus
4242 3758 4470 3815 servet
4501 3758 4602 3830 te3

2624 3872 2749 3918 ora
2778 3873 2909 3943 pro
2940 3850 3149 3919 nobis
3176 3851 3529 3920 omnibus,
3612 3846 3787 3916 Vale
3820 3848 4141 3922 feliciter.
4240 3842 4604 3919 Nor-iber-

2619 3973 2763 4043 gae
2793 3951 2909 4021 die
2944 3947 3135 4021 Iovis
3165 3966 3325 4044 post
3353 3942 4082 4048 Quasimodogeniti,
4134 3945 4350 4021 Anno
4384 3943 4600 4022 1530.

3862 4296 3930 4362 4.
3961 4292 4132 4363 Maii.
4178 4248 4585 4372 (Augustae.)¹

3858 4382 4591 4421 m

2646 4287 2783 4362 No.
2814 4287 2987 4358 679.

3450 4462 3785 4547 Eidem.

2759 4641 2990 4716 Epmot.
3026 4642 3120 4698 nb.
3148 4640 3188 4697 1.
3228 4661 3283 4713 p.
3313 4640 3370 4696 4.
3411 4642 3560 4710 (eda.
3592 4642 3769 4725 ιορᾱ.
3796 4638 3839 4694 ι.
3881 4660 3965 4711 ψ.
3995 4641 4065 4706 s.)
4101 4670 4170 4682 -
4238 4638 4417 4697 antam
4454 4643 4599 4716 ‚pua
4729 4612 4746 4630 ⁶

2830 4712 3158 4795 Chytraepnt
3192 4731 3247 4797 p²
3273 4710 3361 4766 26.
3399 4722 3454 4765 et
3481 4711 3919 4793 CoelesttnumJ.
3960 4730 4016 4780 p.
4041 4709 4131 4765 39.
4164 4739 4230 4754 —
4300 4712 4504 4767 lterum
4538 4715 4598 4769 i-

2830 4779 4053 4925 2³:.1;..¹.}::².¹'1⁸.:?.‚.⁶.2¹3‘tsstatiltsslf‘LZPd'A
4080 4800 4134 4852 Ρ·
4158 4780 4277 4835 ⁵⁵⁵⁶
4312 4809 4377 4824 ““
4452 4782 4601 4839 ³⁸*

3077 5004 3184 5078 D.
3233 5002 3682 5077 Mar-lino
3732 4999 4154 5079 Luihero

2624 5120 2712 5213 S.
2747 5140 2837 5212 D.
2939 5140 3120 5213 Cum
3148 5136 3370 5211 hodie
3401 5143 3485 5212 ad
3525 5157 3590 5212 te
3622 5142 3950 5233 scripturi
3987 5168 4289 5214 essemus
4318 5168 4446 5236 per
4467 5139 4601 5215 Io·-

2627 5241 2848 5339 nae¹)
2909 5244 3392 5329 tabellarium,
3465 5269 3619 5314 ecce
3675 5259 3950 5334 praeter
4004 5247 4416 5335 opinionem
4465 5270 4601 5319 no-

2627 5361 2877 5431 stram,
2938 5349 3057 5416 sed
3101 5361 3336 5417 tamen
3381 5346 3810 5437 optatissime
3843 5347 4050 5414 nobis
4084 5346 4481 5435 afferuntur
4511 5349 4604 5419 li-

2625 5464 2813 5519 terae
2846 5462 3028 5518 tuae.
3132 5444 3629 5517 Gratissimum
3675 5460 3774 5515 est
3804 5446 4010 5517 nobis
4042 5446 4350 5519 officium
4378 5452 4603 5536 tuum,

2628 5563 2834 5643 teque
2879 5573 3244 5640 rogamus,
3324 5563 3402 5620 ut
3442 5551 3528 5615 «le
3571 5549 3817 5619 omnib
3944 5550 4154 5621 rebus
4197 5551 4339 5623 tuis
4389 5577 4602 5649 quam

2625 5651 3027 5743 saepissime
3074 5652 3163 5721 ad
3206 5674 3337 5719 nos
3380 5651 3668 5723 scribas.
3836 5674 3879 5721 x
3904 5644 4186 5723 Norico
4229 5657 4319 5725 ad
4365 5668 4433 5724 te
4476 5656 4605 5725 de-

2566 5854 2568 5863 ’
2697 5852 2755 5921 1)
2799 5849 2978 5907 nieht.
3006 5852 3171 5905 hum.
