5434 6717
445 1158 475 1199 „
600 1059 923 1185 nunnius
960 1085 1178 1176 virsa
1212 1082 1525 1178 ιιιιιιιιι
1561 1081 2093 1186 mensurnorum.

354 1598 411 1674 „m
1014 1517 1021 1529 “
1154 1551 1338 1632 suso
1389 1543 1563 1634 raso*

372 1709 406 1770 6.
449 1703 626 1767 Conventus
641 1699 875 1783 Protestantilum
888 1694 1102 1780 Norinbergae.
2350 1734 2360 1747 .
2422 1759 2426 1766 ι
2510 1769 2513 1777 Ι

350 1809 410 1872 ¹2.
450 1805 654 1869 Melanthonls
676 1803 804 1884 epistole
824 1802 862 1862 ed
880 1797 1151 1884 Oecclsmpcditnn
1174 1799 1211 1864 de
1234 1821 1315 1863 more
1337 1819 1440 1865 coena.
1467 1828 1515 1849 -··
1568 1794 1736 1877 &mussas
1756 1805 1850 1887 impis
1873 1802 2012 1885 dogmata
2032 1801 2231 1883 deTriuitete
2245 1812 2357 1894 spargit
2436 1863 2444 1877 .
2485 1830 2487 1832 ·

355 1926 358 1930 ⁴
552 1912 593 1966 ite
614 1928 646 1965 er
684 1927 711 1964 e.

357 2013 418 2073 ut.
453 1906 716 2070 Csdddrisdiittddse
730 2007 768 2066 sd
784 2002 915 2069 Ordines
925 2001 1121 2085 Germaniae,
1147 2009 1257 2091 quibus
1272 2007 1381 2068 indicit
1394 2007 1517 2087 comitia
1530 1999 1656 2088 Imperii
1670 2008 1708 2068 sd
1724 2007 1754 2070 d.
1771 2013 1804 2078 8.
1819 2005 1922 2103 April.
1938 2009 2084 2071 habende.
2192 2081 2195 2087 ‚
2257 1989 2259 1997 Ι

343 2143 428 2197 Febr·
452 2139 630 2202 Melanthon
646 2144 741 2200 mittit
757 2159 867 2216 „nora
881 2140 996 2201 scholia
1009 2145 1043 2201 in
1056 2138 1148 2204 Pror.
1161 2124 1358 2201 Salomonis”
1373 2135 1505 2222 Magno,
1530 2135 1612 2202 Duci
1625 2119 1896 2225 Megaloburgeusi.

352 2270 411 2341 24.
450 2269 609 2334 Bononiae
624 2274 764 2333 sollemni
777 2274 838 2332 ritu
854 2268 981 2334 Carolus
998 2269 1372 2356 imperatorinauguratm
1384 2293 1402 2335 a
1415 2268 1562 2336 Pontifice
1577 2268 1728 2361 Romano.

357 2386 361 2391 '
450 2371 653 2436 Excuduntur
665 2368 869 2435 Melanthcnis
886 2378 1086 2453 „testimonis
1102 2387 1238 2438 veterum
1253 2379 1434 2459 scriptorum
1449 2376 1486 2439 ds
1501 2398 1524 2439 s.
1542 2398 1644 2440 eoem.
1655 2371 1672 2397 ”

451 2474 592 2554 Mycenis
606 2470 785 2539 Malsnthcn
800 2479 903 2538 scribit
917 2476 955 2539 de
968 2478 1129 2561 puniendis
1142 2476 1362 2560 Anabaptistis.
1484 2529 1493 2539 .

347 2665 420 2720 mm
452 2576 651 2662 „Dispositio
668 2565 812 2640 orationis
824 2579 858 2645 ln
871 2575 930 2663 Ep.
945 2577 1034 2644 Pauli
1052 2581 1090 2644 ad
1101 2577 1258 2644 Romanos
1265 2573 1283 2599 '³
1299 2580 1399 2644 denuo
1416 2581 1496 2642 edita
1511 2592 1566 2643 est
1744 2632 1749 2640 .
1872 2563 1876 2576 ⁴
2031 2576 2037 2599 ’
2079 2590 2082 2596 “
2249 2608 2272 2649 n

371 2755 404 2817 5.
451 2745 499 2811 De
512 2749 705 2830 quaestione:
729 2765 769 2807 an
782 2750 872 2808 annis
885 2751 1021 2809 resistere
1033 2750 1124 2809 lineet
1136 2741 1332 2829 Imperatori,
1357 2750 1423 2808 rim
1438 2749 1563 2808 illuursc
1582 2749 1615 2808 in
1631 2766 1720 2809 causa
1736 2743 1916 2828 rdigicnis?
1943 2765 2029 2807 susm
2042 2742 2222 2809 Melanthcn
2235 2726 2354 2843 senten-

501 2854 577 2912 tiam
590 2850 702 2911 scribit.

453 2950 543 3014 Fame
556 2965 618 3013 erut
630 2971 751 3032 sparsa,
776 2964 913 3013 mortuos
930 2962 993 3011 esse
1010 2946 1227 3024 Lutberumet
1239 2948 1477 3024 Melanthonem.
1780 2986 1782 2991 -

454 3052 606 3124 Malunth.v
619 3053 685 3115 edit
695 3051 874 3134 Virgilium.
898 3084 951 3099 -
1004 3047 1160 3134 Improbat
1172 3050 1319 3135 Zwinglii
1332 3057 1511 3116 sententiam
1525 3054 1657 3117 decuere
1673 3073 1775 3114 coena.

356 3155 413 3223 14·
454 3155 530 3221 Dux
545 3152 697 3218 Saxoniae
715 3151 964 3231 Electoeiubet,
999 3167 1035 3216 ut
1057 3154 1193 3236 theologi
1205 3151 1452 3236 Witebergenses
1473 3158 1572 3236 cupite
1593 3155 1745 3216 doctrinae
1768 3165 1977 3218 controversae
1997 3136 2031 3214 ἰιι
2053 3138 2354 3217 usum'comitiorum

503 3263 610 3322 litteris
624 3256 785 3338 mundent,
810 3260 956 3341 scriptum
970 3253 1105 3339 'Pergam
1119 3257 1243 3321 afferent
1251 3280 1374 3342 ,seque
1389 3258 1427 3321 sd
1443 3260 1500 3320 iter
1512 3271 1627 3343 posent.
1987 3332 1991 3344 Ι

354 3367 412 3430 21.
453 3361 596 3444 Princeps
610 3358 733 3423 Elector
745 3357 936 3437 Luthe'rum,
960 3354 1205 3439 Melmthonem,
1231 3357 1465 3443 Bugenhagium
1479 3371 1510 3420 et
1522 3354 1636 3428 ionem
1643 3355 1782 3441 Torgem
1791 3363 1922 3420 accersit.

343 3467 431 3606 ΑἳῚἿ
451 3465 526 3528 Mel.
541 3463 661 3546 'Pergae
677 3475 730 3525 est.
782 3460 832 3526 lbi
845 3462 881 3525 de
896 3459 1042 3545 Campani
1059 3466 1253 3546 opinionibus
1267 3464 1457 3531 indicium
1431 3486 1460 3526 es
1473 3477 1517 3525 est
1530 3463 1740 3535 dicendum.

389 3570 412 3606 n
553 3566 557 3574 .

370 3570 431 3700 g
451 3629 596 3711 Princeps
610 3624 731 3689 Elector
748 3623 851 3720 Torge
864 3649 991 3692 movens
1006 3649 1077 3690 cnm
1091 3628 1243 3711 theologis
1258 3632 1315 3691 iter
1330 3630 1498 3713 ingreditur
1510 3623 1732 3709 Augustam

452 3732 551 3797 Lente
566 3733 715 3813 progressi
730 3732 788 3790 lu
778 3719 903 3808 itinere,
933 3727 1077 3814 Princeps
1090 3727 1219 3793 Elector
1226 3752 1296 3794 cum
1307 3733 1459 3814 theologis
1473 3735 1556 3793 venit
1570 3727 1766 3808 Coburgum‚
1799 3728 1852 3789 ubi
1870 3726 1982 3788 diutim
2005 3730 2182 3789 commorati
2201 3741 2280 3789 sunt.
2307 3758 2357 3774 ·-
2407 3754 2409 3758 ·

503 3832 706 3898 Melanthos
696 3835 805 3915 incipit
818 3837 917 3914 capita
930 3834 1082 3895 doctrinae
1096 3835 1283 3905 conscribere
1294 3836 1328 3896 in
1342 3837 1474 3896 comitiis
1486 3829 1638 3895 tradenda.

339 3928 416 4050 ”a
507 4051 577 4121 post
590 4041 705 4101 ebitum
718 4032 909 4119 Principisd.
925 4044 983 4105 22.
999 4034 1078 4118 Apr.
1092 4059 1123 4099 ss
1137 3981 1302 4101 chniertin
1317 4060 1415 4102 arcem
1428 4035 1570 4121 coburg,
1602 4034 1655 4096 ubi
1676 4054 1773 4119 usque
1796 4032 1833 4095 ad
1857 4034 1886 4114 d.
1904 4032 1936 4100 4
1956 4030 2048 4098 Octb.
2071 4032 2223 4153 consedit,
2254 4046 2285 4094 et
2304 4029 2357 4128 Vs'-
2407 4090 2410 4098 .

506 4153 571 4201 tum
587 4138 788 4213 Morum,
809 4135 1102 4220 Norinbergensem,
1128 4142 1245 4202 socium
1260 4142 1377 4204 babuit.

358 4252 416 4316 27.
454 4241 660 4324 Norinbergse
676 4254 900 4304 commorentur
912 4238 1054 4388 Princeps
1067 4236 1273 4328 diheolcgi.

355 4353 414 4418 28.
454 4345 580 4409 Abeunt
594 4342 836 4425 Augustam.

358 4457 416 4541 29
455 4445 610 4510 Lutberus
625 4451 836 4528 occupaturus
851 4445 1005 4507 scribenda
1031 4395 1260 4529 „trutinum
1284 4461 1324 4513 co
1346 4442 1392 4512 bit
1414 4373 1606 4523 orestae.
1639 4368 1826 4522 ιιιῐιιιιιιιίι
1850 4433 1906 4518 cui
1929 4440 1995 4507 ssu
2014 4434 2176 4520 bidburg
2198 4453 2233 4520 ιιι
2256 4435 2355 4523 iugc

352 4608 418 4666 Μή
508 4541 618 4632 btttss”
640 4569 732 4632 quem
747 4568 823 4609 mox
837 4551 1003 4611 absolutum
1017 4548 1101 4608 misit
1113 4544 1343 4630 Witebsrgern‚
1369 4561 1403 4609 ut
1419 4545 1625 4610 excuderetur.

316 4756 322 4765 Ι
379 4699 411 4756 1.
456 4680 530 4746 Mel.
547 4695 591 4769 est
605 4678 833 4745 Donaverthse.

378 4802 411 4861 2.
458 4762 600 4868 Princeps
612 4783 734 4848 Elector
748 4804 819 4846 curn
833 4780 1001 4865 Theolcgis
1014 4789 1104 4870 intrat
1116 4782 1298 4867 Augustum.

378 4896 411 4959 1.
458 4887 636 4952 Melanthcn
649 4888 809 4950 exordium
824 4883 908 4968 Aug.
923 4884 1129 4951 confessionis
1143 4892 1297 4973 aliquanto
1312 4880 1549 4972 descendemus
1564 4883 1653 4961 lacit,
1680 4899 1771 4965 quam
1785 4876 1862 4939 iilud
1878 4880 2031 4958 scripserst
2046 4874 2190 4959 Coburgi.

360 5003 419 5062 11.
459 4989 617 5055 Confessio
632 4988 718 5075 Aug.
735 4994 865 5053 mittitur
879 4986 1056 5072 Coburgum
1072 4992 1110 5053 ed
1123 4987 1306 5054 Lutherum.

362 5105 420 5173 12,
459 5091 622 5176 Philippus
634 5088 840 5176 Lendgmeius
854 5091 942 5154 Hess.
959 5097 1049 5157 intrat
1063 5091 1244 5176 Augustam.
2365 5143 2375 5157 .

365 5199 421 5266 1'5.
459 5192 615 5259 Lutberus
629 5199 755 5257 remittit
767 5195 988 5258 confessionem
1002 5198 1058 5258 sibi
1070 5199 1236 5281 probatem.
1257 5222 1310 5243 ··-
1359 5190 1539 5256 Adveniuut
1551 5191 1644 5272 legati
1658 5184 1909 5269 Norinbergenses
1925 5195 1955 5245 et
1975 5184 2113 5244 adierunt
2136 5183 2356 5245 contessionem

511 5318 529 5359 e
542 5301 803 5361 concionatoribus
815 5295 941 5360 Norinb.
958 5304 1176 5383 conscriptam,
1202 5320 1278 5383 ques
1292 5294 1483 5360 Melanthcni
1497 5313 1560 5354 non
1572 5293 1721 5375 displicet.

460 5396 613 5483 Theologi
628 5398 807 5484 Psiucipum
824 5395 1059 5465 Protestsntium
1072 5402 1136 5465 iere
1152 5401 1288 5488 quotidie
1304 5400 1465 5462 conciones
1480 5415 1574 5458 sueres
1587 5394 1698 5458 hebent
1714 5392 1882 5475 intemplis
1891 5382 2092 5470 Augutttuk

370 5511 427 5572 19.
461 5499 599 5564 iudicent
613 5504 766 5586 theologi,
791 5503 866 5590 quid
879 5501 1051 5568 iaciendum
1064 5512 1121 5585 sit,
1142 5528 1169 5569 ιι
1157 5501 1288 5569 cus·
1297 5504 1462 5566 mmmm
1476 5501 1695 5563 scirtiussssis.

364 5612 424 5676 2ο.
460 5600 615 5668 Lutberus
630 5602 810 5690 Philippum
820 5602 992 5688 Landgmv.
1007 5608 1094 5673 Hass.
1109 5609 1267 5688 hortatur,
1288 5628 1330 5671 ne
1339 5602 1540 5688 -Zwlngliuuis
1557 5601 1666 5667 issent.

392 5705 571 5771 listins.
585 5704 688 5772 Orsa.
710 5706 800 5774 ¹Vos..
812 5705 855 5769 ll.
1688 5694 1755 5782 (u)

339 3925 440 3982 Μ
454 3937 597 4021 Princeps
608 3932 730 3997 Elector
745 3957 816 3996 cum
829 3932 1043 4013 Melanthone,
1069 3932 1162 4014 lona,
1191 3930 1348 4017 Spelunnc
1364 3949 1395 3998 et
1410 3932 1555 4017 Agricola
1571 3931 1735 4015 digreditur
1749 3928 1910 4013 coburgo,
1940 3933 1984 3993 lbi
2000 3931 2105 3992 seiictc
2120 3926 2277 4008 Lutbero,
2304 3937 2357 4012 qui
2460 3925 2465 3935 ’
