5434 6717
330 655 406 762 iss

381 857 478 925 enim
500 867 582 924 sunt
603 852 761 922 credenti
787 851 825 922 in
842 848 1024 924 Christum
1048 849 1177 921 facilia.
1228 844 1325 926 Bene

388 958 509 1028 valete.
891 948 902 969 ‘⁶
1048 955 1050 961 ’

990 1049 1084 1123 Phil.
1099 1045 1277 1123 Melanth.

1090 1339 1329 1467 <mre

575 1519 798 1602 Ioacln'mo
832 1513 1090 1599 Anhaltino.
1216 1558 1248 1613 -,

407 1679 484 1733 Edita
500 1679 528 1730 in
540 1675 707 1763 Beclmanni
721 1675 832 1729 Access.
848 1693 876 1746 p.
891 1673 951 1726 trs.
1071 1739 1075 1752 .

431 1866 434 1872 ·
490 1816 520 1890 I
524 1811 753 1899 anonimo,
782 1810 946 1914 principi
960 1806 1181 1884 Anhnltino.

338 1933 439 2027 Cam
462 1967 497 2022 et
517 1952 676 2022 lllustres
691 1950 875 2043 Principes
897 1949 1023 2033 fratres
1038 1945 1079 2021 C.
1095 1946 1139 2020 V.
1164 1945 1332 2015 omnibus

339 2058 463 2127 officiis
479 2058 597 2149 levent
611 2053 726 2122 morbi
743 2052 937 2121 molestiam
947 2043 1004 2144 ¹⁵),
1036 2061 1072 2117 et
1098 2048 1204 2117 sciam
1229 2060 1332 2115 notas

340 2183 413 2229 osse
430 2157 469 2228 C.
484 2155 527 2222 V.
542 2154 820 2237 consolationes,
853 2177 943 2245 quae
967 2163 1089 2220 extant
1110 2151 1149 2218 in
1164 2148 1270 2219 sacris
1286 2147 1332 2215 li-

342 2260 441 2328 teris:
483 2256 607 2346 scripsi
637 2254 752 2324 rarius
783 2250 969 2332 hactenus,
1013 2275 1137 2321 verum
1168 2249 1332 2340 precibus

342 2358 587 2430 commendavi
610 2357 759 2426 salutem
780 2369 931 2424 vestram
952 2349 1115 2436 Christo,
1148 2352 1269 2436 cuius,
1291 2361 1333 2419 ut

273 2544 275 2548 .
341 2485 464 2553 spero,
502 2458 672 2528 beneficio
702 2457 919 2527 convalescet
934 2453 981 2527 C.
1007 2452 1049 2524 V.
1073 2453 1232 2525 feliciter.
1291 2450 1332 2537 Si

341 2562 516 2632 Diabolus
548 2555 715 2628 hostilius
746 2558 857 2627 saevit
889 2559 926 2624 in
959 2577 1087 2645 corpus
1111 2552 1152 2628 C.
1178 2551 1222 2622 V.
1248 2553 1331 2622 odio

341 2660 549 2752 Evangelii,
575 2662 669 2752 quod
685 2657 725 2730 C.
743 2658 786 2727 V.
803 2673 837 2728 et
853 2668 948 2730 amat
963 2671 998 2727 et
1012 2656 1113 2740 colit,
1139 2650 1207 2724 boc
1222 2654 1333 2742 magis

342 2766 476 2855 erigere
501 2762 659 2831 animum
674 2759 714 2830 C.
728 2760 772 2833 V.
797 2762 900 2829 debet
924 2772 959 2831 et
980 2781 1119 2848 sperare
1141 2751 1332 2836 aChristo,

342 2867 406 2960 qui
422 2867 576 2958 prolecto
591 2887 672 2932 suos
687 2862 839 2954 respicit,
865 2860 926 2954 qui
939 2872 1084 2952 propter
1096 2855 1332 2946 Evangelium

342 2969 561 3058 affliguntur.
588 2976 591 2981 '
614 2963 701 3033 Misi
716 2961 756 3036 C.
771 2961 815 3036 V.
840 2962 1004 3032 libellum
1023 2955 1156 3041 Alesir',
1189 2959 1334 3050 prodest

342 3072 438 3139 enim
453 3093 549 3138 nunc
562 3064 603 3139 C.
620 3064 664 3138 V.
680 3064 788 3135 variis
803 3077 838 3133 et
853 3064 1018 3134 iucundis
1033 3061 1257 3131 sermonibus
1271 3072 1334 3128 aut

341 3170 554 3242 lectionibus
580 3166 738 3237 animum
763 3189 930 3236 recreare.
990 3161 1107 3235 Habet
1130 3176 1247 3232 autem
1274 3156 1333 3230 hic

265 3282 268 3287 '
343 3274 486 3343 libellus
501 3271 631 3339 miram
645 3263 848 3351 historiam,
882 3281 1027 3357 atquae
1050 3266 1090 3333 in
1110 3265 1216 3334 tantis
1240 3261 1333 3349 odiis

342 3370 531 3461 Evangelii
557 3369 734 3439 consolari
757 3368 864 3438 etiam
887 3365 1049 3435 Vestram
1074 3362 1331 3436 Celsitudinem

344 3475 492 3566 poterit,
533 3494 615 3539 cum
646 3468 814 3557 cogitabit
837 3467 969 3536 multos
990 3467 1079 3535 alios
1100 3467 1214 3536 bonos
1238 3465 1334 3533 viros

343 3575 520 3644 similibus
553 3570 807 3639 afflictionibus
841 3567 1012 3651 exerceri,
1043 3591 1197 3660 quorum
1230 3589 1334 3634 aeru-

343 3699 466 3759 mnae,
490 3686 531 3743 ut
545 3695 661 3764 spero,
684 3667 861 3740 Ecclesiae
875 3695 896 3738 a
910 3666 986 3738 Deo
1002 3669 1244 3760 impetrabunt
1257 3689 1334 3734 ma-

342 3801 411 3868 gna
425 3778 529 3848 bona.
580 3771 624 3842 In
648 3768 705 3840 his
726 3784 888 3840 numeret
911 3793 948 3838 se
969 3773 1074 3838 etiam
1088 3767 1128 3842 C.
1141 3767 1186 3842 V.
1207 3780 1241 3839 et
1255 3791 1334 3858 spe-

344 3892 397 3949 ret
410 3875 527 3947 Deum
549 3871 727 3944 Ecclesiae
750 3872 886 3965 aliquid
907 3871 995 3941 boni
1010 3896 1075 3963 pro
1092 3869 1228 3940 Vestris
1242 3869 1336 3938 alili-

344 3980 521 4053 ctionibus
538 3977 760 4046 redditurum
775 3996 860 4047 esse.
910 3969 1008 4041 Bene
1031 3987 1065 4042 et
1084 3972 1235 4042 feliciter
1249 3995 1335 4067 eon-

344 4083 496 4151 valescat
509 4103 549 4146 ac
566 4078 680 4146 valeat
694 4072 734 4146 C.
752 4074 794 4146 V.
859 4126 869 4141 .

1154 4367 1220 4448 (³¹-
1237 4365 1322 4448 Iun·)

1157 4457 1329 4487 Μ

344 4366 540 4460 Nsttss.

355 4464 526 4496 ’Ν
613 4510 797 4625 Georgio
819 4510 1078 4597 Antatttno.

414 4700 510 4755 Select.
532 4696 610 4766 epist.
634 4713 661 4764 p.
679 4692 739 4746 875.
788 4691 889 4745 lterum
910 4666 996 4762 Epist.
1017 4690 1065 4747 lib.
1085 4691 1107 4747 l.
1133 4711 1159 4765 p.
1180 4690 1224 4748 88.
1253 4689 1335 4761 (Edit.

451 4765 566 4820 Londin.
591 4764 639 4820 lib.
654 4763 675 4815 l.
693 4781 737 4832 ep.
751 4760 808 4828 86.)
1171 4792 1174 4798 -

348 4924 371 4996 I
374 4920 614 4995 llustrr'ssimo
634 4927 665 4989 et
679 4913 997 4987 Reverendr'ssr'mo
1010 4911 1179 5017 Principt‘
1194 4941 1239 4988 nc
1252 4914 1337 4988 Do-

347 5026 464 5108 mino,
502 5020 670 5092 Domino
697 5016 902 5114 Georgia
927 5014 1096 5119 Principr'
1117 5019 1157 5088 in
1180 5013 1337 5103 Ankale,

636 5117 777 5194 Comitr‘
791 5121 974 5192 Arsaniae
990 5131 1051 5197 etc.

347 5245 390 5332 S.
413 5263 456 5333 D.
510 5263 618 5352 Quod
639 5253 808 5328 hactenus
826 5259 870 5326 ad
887 5255 978 5328 Cels.
993 5256 1037 5330 T.
1053 5254 1145 5327 nihil
1159 5256 1243 5327 dedi
1258 5256 1339 5327 lite-

348 5364 488 5453 rarum,
504 5364 643 5434 fatebor
655 5357 774 5452 potius
788 5382 913 5447 parum
929 5359 1083 5428 officiose
1097 5384 1117 5429 a
1132 5382 1190 5428 me
1206 5361 1337 5428 factum

348 5489 433 5547 esse,
451 5491 555 5557 quam
570 5478 651 5534 utar
663 5463 783 5555 aliqua
797 5460 915 5551 iuept'a
931 5460 1164 5533 excusatione.
1181 5455 1337 5548 ¹Quaeso

347 5579 481 5644 autem,
499 5565 550 5634 'ut
565 5563 656 5638 Cels.
673 5562 717 5634 T.
735 5559 902 5631 meam'in
916 5556 985 5630 hoc
1000 5584 1126 5651 genere
1147 5560 1338 5653 procrasti-

349 5667 526 5741 nationem
545 5666 638 5734 'boni
659 5663 831 5736 consulat.
880 5658 957 5752 Ego
981 5663 1077 5731 enim
1100 5660 1141 5736 C.
1157 5660 1203 5737 T.
1226 5663 1337 5734 bene-

347 5787 1334 5906 manasticam-aramancias».

1194 5932 1203 5965 l
1220 5944 1225 5965 r

732 742 735 749 .
827 683 833 691 ·
911 671 1351 761 srrsrocannu
1401 668 1600 767 cram.
1657 668 1786 749 asse.

2296 668 2384 747 786

1377 845 1570 914 volentiam
1586 865 1666 932 erga
1683 867 1740 912 me
1754 843 1845 912 facio
1862 841 2025 934 plurimi,
2052 866 2126 912 non
2141 843 2259 939 solnm
2274 866 2384 939 meae

1376 946 1541 1043 utilitatis
1557 968 1678 1029 causa,
1710 946 1769 1014 sed
1787 945 1901 1015 multo
1918 935 2030 1033 magis
2056 948 2153 1038 quod
2171 934 2281 1041 ,mnus
2300 934 2384 1014 virss

1379 1055 1436 1116 tus
1459 1061 1492 1117 et
1514 1045 1675 1116 doctrina
1700 1046 1738 1114 in
1752 1044 1920 1137 Principe
1933 1046 2011 1114 viro
2024 1046 2213 1136 praecipue
2226 1063 2383 1143 meren·¹

1380 1157 1444 1217 tur'
1462 1147 1734 1218 admirationem
1754 1150 2048 1238 atque'amorem.
2100 1145 2246 1218 Utinam
2261 1142 2383 1218 habe-

1379 1273 1499 1318 remus
1514 1246 1652 1319 ‘multos
1676 1248 1761 1317 tales
1784 1240 1962 1316 Ecclesiae
1985 1250 2253 1337 gubernatores.
2300 1236 2382 1321 'Sed‘

1381 1352 1474 1420 etde
1490 1345 1739 1440 pulcherrimis
1755 1348 1946 1419 vitutibus
1960 1342 2113 1422 Cels‘T.
2136 1338 2172 1420 et
2185 1341 2382 1422 de'Eccless

1381 1451 1514 1519 siamm
1534 1450 1740 1535 conditione
1759 1449 1846 1519 alias
1861 1451 1977 1541 plura.
2026 1449 2135 1531 Nunc>
2149 1451 2252 1522 mitto
2270 1449 2313 1523 C·
2329 1451 2380 1528 Τ.

1382 1547 1504 1621 Alesir'
1524 1553 1705 1636 libellum,
1744 1551 1784 1619 in
1805 1575 1876 1644 quo
1902 1552 2067 1621 collectae
2091 1548 2175 1623 sone
2196 1554 2379 1647 quaedam

1383 1654 1657 1738 consolationes,
1683 1675 1770 1745 quas
1784 1652 1858 1744 ipse
1873 1647 1963 1721 mihi
1978 1646 2157 1723 inculeare
2168 1653 2282 1742 soleo,
2308 1659 2379 1727 ad-

1382 1777 1504 1826 versus
1518 1777 1594 1837 eos,
1627 1754 1687 1846 qui
1706 1753 1811 1823 nobis
1827 1767 1926 1825 atrox
1942 1749 2138 1825 schismatis
2154 1755 2285 1825 crimen
2303 1759 2376 1829 ob-

1383 1855 1521 1926 iiciunt.
1572 1854 1665 1926 Satis
1679 1856 1774 1924 enim
1789 1850 1931 1927 e'ncusat¹
1943 1878 2009 1925 nos
2023 1856 2173 1927 istorum
2187 1851 2372 1930 horribilis

1383 1958 1590 2040 crudelitas,
1624 1982 1728 2048 quam
1751 1957 1907 2049 profecto
1931 1981 2046 2051 neque
2068 1959 2237 2031 adiuvare
2255 1982 2373 2054 neque

1383 2059 1581 2150 approbare
1604 2059 1784 2131 debemus.
1843 2057 1956 2149 Spero
1979 2052 2073 2130 hane
2095 2050 2377 2132 consolationem

1384 2173 1419 2229 et
1435 2159 1479 2233 T.
1497 2157 1587 2230 Cels.
1603 2174 1736 2249 gratam
1758 2160 1914 2231 futuram
1937 2181 2021 2233 esse.
2070 2158 2296 2234 Commendo
2312 2188 2379 2235 au-

1383 2274 1454 2331 tem
1475 2285 1532 2329 me
1549 2259 1639 2330 Cels.
1657 2259 1701 2334 T.
1726 2276 1893 2354 tanquam
1916 2262 2108 2352 praecipuo
2128 2275 2300 2354 patrono,
2336 2290 2380 2338 ac

1383 2363 1555 2454 polliceor
1580 2384 1718 2453 semper
1750 2361 1975 2433 autoritatem
1996 2360 2088 2437 Cels.
2112 2361 2156 2437 T.
2176 2354 2379 2456 plurimum

1385 2467 1479 2556 apud
1496 2487 1553 2532 me
1568 2464 1758 2533 valituram
1769 2485 1855 2543 esse.
1881 2460 2103 2535 Commendo
2112 2464 2315 2541 etiamCels.
2326 2467 2375 2544 T.

1385 2560 1443 2635 M.
1459 2557 1723 2649 Franciscnm,
1760 2588 1931 2658 quocum
1952 2561 2062 2651 mihi,
2095 2560 2238 2659 propter
2258 2567 2376 2661 ipsius

1384 2663 1558 2736 summam
1584 2661 1840 2736 humanitatem
1863 2667 2047 2754 aelidem,
2070 2681 2171 2739 vetus
2185 2682 2238 2740 est
2251 2668 2383 2756 amici-

1387 2769 1445 2838 tia.
1483 2766 1677 2857 Praecipue
1693 2783 1809 2837 autern
1826 2769 1923 2859 cupit
1936 2765 2029 2841 Cels.
2044 2766 2088 2839 T.
2103 2790 2178 2840 esse
2195 2761 2380 2841 commen·

1385 2871 1488 2939 datus
1509 2881 1654 2959 propter
1679 2869 1908 2939 excellentem
1929 2869 2156 2945 virtutemet
2176 2858 2379 2944 doctrinm

1384 2969 1476 3044 Cels.
1490 2968 1535 3039 T.
1584 2967 1683 3040 Bene
1697 2984 1733 3041 et
1744 2970 1893 3041 feliciter
1907 2970 2022 3041 valeat
2033 2967 2189 3048 Celer-T.
2267 2988 2270 2995 '
2294 3018 2298 3023 -
2328 2964 2332 2969 ’

1385 3271 1452 3346 Νο.
1469 3271 1579 3347 1199.

1391 3367 1563 3398 m

2128 3268 2157 3317 ,·
2244 3276 2365 3361 (Μὰ

2232 3371 2380 3401 Nm

1543 3441 1770 3523 Pontanus
1789 3432 1926 3547 filins
1956 3440 2019 3525 nd
2039 3426 2239 3563 patrante.¹
2327 3546 2344 3557 ..

1453 3613 1554 3671 Manlii
1567 3618 1666 3690 larrag.
1682 3638 1708 3689 p.
1722 3619 1770 3671 178
1780 3639 1820 3691 sq.
1834 3675 1840 3681 ,
1852 3620 1994 3692 inscriptio
2005 3620 2076 3695 apud
2083 3620 2237 3676 Manlium:
2255 3606 2297 3680 D'.
2306 3596 2381 3679 Pon·

1489 3694 1557 3738 tana
1578 3687 1720 3753 Pnr'lippus
1735 3687 1905 3741 Melanthea·
1916 3690 1947 3743 S.
1963 3689 2017 3759 0.,
2041 3689 2131 3773 inepte
2151 3700 2178 3744 et
2196 3692 2313 3748 delenda
2329 3704 2381 3753 est.

1488 3753 1590 3809 Scribit
1602 3755 1674 3808 enim
1689 3756 1879 3828 Christianus,
1897 3758 1969 3811 filius
1981 3758 2116 3823 Pontem,
2140 3758 2174 3812 ad
2205 3771 2292 3816 auem
2352 3766 2381 3820 ni

1487 3831 1546 3903 tum
1562 3823 1720 3881 versabatur
1739 3844 1802 3880 cum
1818 3825 1946 3897 Principe
1961 3826 2086 3881 Electore
2103 3824 2133 3879 itt
2147 3779 2309 3885 salentini
2325 3782 2381 3888 §ed

1489 3910 1532 3948 vu
1546 3892 1629 3945 dubio
1644 3902 1732 3965 caret,
1752 3893 1955 3948 Melanthonern
1970 3890 2139 3964 Christiano,
2162 3896 2298 3970 discipulo
2317 3918 2381 3970 ειιο,

1490 3959 1633 4041 epistolam
1647 3963 1858 4034 praescripsisse.
1909 4028 1912 4037 Ι
2320 3974 2371 3985 ’

1388 4111 1702 4193 Christianus
1735 4112 1976 4191 Pantanus
2010 4116 2067 4190 od
2099 4114 2381 4218 Gregorr‘nrn

1651 4214 1934 4308 Pontanrtm,
1958 4233 2112 4319 patrem.

1388 4344 1431 4437 S.
1457 4365 1501 4436 D.
1552 4362 1631 4436 Etsi
1647 4390 1749 4458 spero
1765 4380 1799 4436 te
1814 4370 1860 4439 ad
1875 4393 1941 4438 nos
1959 4372 2060 4442 brevi
2076 4355 2276 4445 rediturum
2291 4400 2381 4448 esse:

1391 4482 1507 4538 tamen
1531 4491 1611 4537 cum
1633 4462 1723 4536 mihi
1744 4471 1896 4539 nuncius
1917 4473 2055 4545 oblatus
2075 4489 2182 4561 esset,
2206 4477 2294 4547 duxi
2310 4480 2382 4549 mei

1390 4568 1497 4640 officii
1515 4590 1605 4653 esse,
1631 4582 1671 4638 ut
1684 4569 1821 4664 aliquid
1837 4574 1880 4661 ad
1897 4586 1931 4644 te
1948 4575 2157 4662 scriberem,
2187 4591 2228 4647 ut
2250 4593 2383 4651 extaret
2443 4582 2448 4591 '

1390 4670 1486 4763 apud
1499 4683 1533 4739 te
1547 4670 1691 4763 aliquod
1707 4670 1883 4765 specimen
1897 4677 2096 4747 studiorum
2111 4703 2294 4767 meorum.¹
2314 4679 2383 4752 Dei

1390 4771 1559 4840 beneficio
1574 4766 1665 4840 bene
1680 4774 1840 4844 ⁴valemus
1855 4801 1997 4859 omnes,
2025 4792 2059 4846 et
2074 4802 2238 4868 rogamus
2255 4779 2382 4869 Deum,

1390 4886 1431 4943 ut
1456 4887 1495 4943 tu
1518 4896 1660 4966 quoque
1682 4875 1800 4943 salvus
1823 4891 1857 4947 et
1880 4878 2068 4955 incolumis
2086 4883 2231 4951 domum
2248 4885 2383 4960 redeas.

1390 4969 1490 5043 Nihil
1506 4975 1609 5044 nobis
1623 4988 1684 5044 tua
1703 4975 1815 5047 salute
1830 4979 1929 5068 prius
1944 4993 2005 5050 aut
2019 4983 2151 5069 gratim
2168 5005 2243 5052 esse
2258 5000 2384 5076 potest.
2410 5003 2412 5007 ‘

1391 5072 1483 5144 Novi
1503 5071 1594 5145 nihil
1612 5071 1744 5162 habeo,
1776 5079 1846 5148 nisi
1867 5083 1963 5174 quod
1984 5083 2091 5152 audio
2111 5079 2167 5152 hic
2184 5087 2311 5156 recudi
2327 5080 2385 5159 hi-

1390 5178 1533 5245 storiam
1550 5175 1682 5269 Papae,
1717 5203 1786 5272 qua
1801 5178 1896 5273 Papa
1916 5180 2059 5253 aGallo
2083 5198 2246 5276 exceptus
2267 5184 2383 5284 est'):

1392 5291 1426 5347 et
1448 5279 1549 5348 aiunt
1574 5276 1618 5348 D.
1640 5275 1854 5349 Martinam
1881 5285 2010 5353 addere
2036 5288 2206 5378 quasdam
2230 5304 2384 5365 annota-

1392 5379 1515 5453 tiones.
1566 5375 1730 5451 Christus
1751 5396 1866 5455 servet
1878 5381 1934 5468 te',
1964 5385 2097 5475 optime
2118 5400 2153 5458 et
2177 5380 2383 5467 charissime

1390 5493 1498 5572 pater.
1519 5503 1522 5512 ·
1548 5479 1646 5550 Bene
1662 5483 1749 5557 vale.

1424 5685 1453 5755 ¹¹¹)
1472 5684 1598 5739 Clemens
1610 5682 1690 5758 Vll„
1705 5682 1831 5740 Pontifex
1846 5685 1943 5756 Rom,
1967 5698 2079 5745 exeunte
2098 5709 2171 5745 anno
2189 5664 2386 5756 imbiaesi·

1455 5752 1678 5878 migiroleetae
1696 5752 1786 5810 luem
1803 5755 1837 5809 ad
1860 5754 2036 5816 celebrandas
2061 5762 2169 5834 nuptiae
2188 5762 2386 5865 &definies
