5434 6717
556 1263 562 1270 ,
664 1186 798 1257 No·
834 1182 1057 1257 1320.

1794 537 2655 674 EPISTOLARU'M

2198 769 2396 840 Bene
2462 768 2645 837 vale.

645 616 796 694 ⁹³5
869 569 876 576 ⁹

659 787 872 863 lenae
938 781 1292 874 disputavi
1359 774 1687 846 materias
1752 776 2084 848 eruditas.

668 893 708 963 1
746 887 985 981 septb.
1016 908 1211 953 anno
1240 874 1533 975 (1536.)
1561 877 1622 972 ⁴)

687 1278 1029 1313 Μ’

1211 1324 1723 1414 Bernhardo
1793 1323 2107 1405 Fris-ie.

806 1440 1004 1553 Manlii
1045 1490 1245 1562 farrag.
1286 1507 1340 1560 p.
1361 1483 1464 1540 365
1492 1489 1596 1556 αφ’
1619 1511 1690 1523 —
1758 1477 2081 1551 Apogrspha
2106 1476 2163 1530 in
2185 1473 2310 1533 cod.
2335 1473 2527 1529 Melan.
2556 1471 2653 1529 111.

871 1584 928 1639 p.
956 1562 1044 1617 65.
1070 1570 1124 1615 et
1147 1560 1206 1612 in
1233 1557 1359 1611 cod.
1381 1554 1549 1609 nasu.
1574 1553 1663 1607 39.
1700 1570 1756 1622 p.
1785 1550 1875 1603 38.

1154 1653 1434 1770 indolis·
1487 1684 1936 1765 adolescenti
1993 1684 2074 1759 B
2092 1711 2124 1757 e
2143 1711 2181 1756 r
2198 1711 2248 1757 n
2269 1680 2323 1757 h
2337 1710 2389 1755 a
2407 1708 2446 1756 r
2461 1678 2573 1754 do
2631 1792 2637 1804 Ι

752 1704 1101 1806 Optimae

866 1849 873 1862 ι
1158 1794 1510 1874 ,Fris-io
1544 1791 1644 1893 ¹),
1712 1817 1848 1866 suo
1890 1789 2152 1875 amico,

668 1934 758 2023 S.
811 1948 902 2019 D.
1005 1940 1348 2031 Magnam
1395 1929 1576 2004 mihi
1606 1932 2042 2021 voluptatem
2076 1926 2468 1997 attulerunt
2496 1938 2659 1995 tuae
2714 1948 2717 1960 ·

675 2056 916 2124 literae
936 2101 956 2132 ,
1008 2046 1087 2113 in
1136 2041 1400 2135 quibus
1435 2049 1505 2105 et
1531 2033 1794 2104 amoris
1828 2053 1988 2118 erga
2019 2051 2131 2096 me
2168 2028 2277 2097 tui
2306 2026 2651 2115 significa-

672 2158 775 2227 tio
814 2161 1021 2227 extat,
1068 2158 1136 2213 et
1166 2140 1564 2211 studiorum
1597 2130 2195 2240 commemoratio.
2257 2127 2400 2198 Sed
2431 2125 2655 2195 multo

671 2255 894 2344 magis
927 2273 1040 2318 me
1076 2241 1449 2315 delectavit
1481 2233 1911 2307 ornatissimi
1943 2230 2086 2299 viri
2119 2227 2210 2301 D.
2239 2219 2663 2298 Guilhelmi

672 2350 1181 2429 testimonium,
1233 2343 1359 2436 qui
1388 2356 1482 2423 te,
1534 2362 1696 2409 cum
1728 2355 2032 2403 essemus
2061 2328 2311 2412 †una''
2335 2328 2661 2422 Lypsiae,

675 2448 1191 2530 honestissimis
1220 2442 1553 2514 laudibus
1585 2437 1898 2519 ornavit3
1939 2456 2113 2527 quas
2142 2431 2417 2503 etiamsi
2434 2425 2492 2521 ²)
2525 2427 2659 2498 ali-

676 2584 818 2657 qua
852 2580 932 2627 ex
958 2564 1155 2645 parte
1188 2547 1274 2616 ad
1306 2567 1416 2612 me
1446 2541 1799 2633 pertinere
1829 2536 2235 2618 iudicarem,
2269 2548 2508 2604 tamen
2537 2542 2661 2599 tua

673 2660 896 2751 magis
933 2675 1145 2748 quam
1182 2670 1335 2717 mea
1371 2643 1597 2733 gloria
1634 2638 2054 2709 delectabar.
2154 2632 2401 2728 Itaque
2435 2645 2500 2702 te
2532 2631 2661 2700 ad-

677 2762 964 2841 hortor,
1016 2766 1098 2823 ut
1148 2745 1346 2819 omni
1389 2744 1624 2815 studio
1672 2743 1794 2809 des
1841 2760 2169 2829 operam,
2224 2750 2291 2806 et
2323 2730 2663 2804 honesto-

679 2888 840 2937 rum
889 2854 1266 2929 hominum
1315 2847 1579 2916 indicia
1626 2846 1714 2913 de
1758 2855 1825 2911 te
1871 2853 2109 2909 tueare
2137 2834 2218 2932 ³).
2321 2832 2538 2924 Quod
2582 2846 2664 2902 ut

676 2964 928 3045 facias,
979 2969 1047 3028 et
1078 2975 1203 3023 oro
1238 2944 1604 3020 Christum
1629 2999 1648 3027 ,
1705 2955 1771 3011 et
1800 2966 1948 3010 non
1980 2940 2184 3008 aliter
2209 2950 2404 3028 opto,
2450 2957 2664 3028 quam

679 3069 741 3139 si
768 3089 851 3135 ex
884 3085 996 3130 me
1024 3068 1232 3126 natus
1266 3072 1466 3122 esses.
1569 3043 1722 3115 Deo
1756 3043 2058 3124 volente,
2102 3036 2238 3109 hac
2261 3034 2515 3132 hyeme
2547 3036 2665 3102 in-

680 3170 1005 3240 stitutum
1037 3178 1216 3249 opus
1249 3145 1769 3222 Anatomicum
1800 3141 2288 3224 absolvemus,
2345 3158 2667 3230 praeser-

681 3271 811 3342 tim
856 3268 935 3336 in
966 3259 1104 3332 hoc
1147 3278 1442 3326 secessu.
1546 3245 1947 3340 Aliquoties
1975 3239 2094 3311 hic
2123 3239 2666 3332 disputavimnS,

568 3383 576 3396 “
659 3372 815 3444 “ιιΙ)ἰ
874 3380 1075 3437 tuum
1135 3356 1501 3446 ingenium
1565 3349 1776 3420 etiam
1823 3344 2270 3438 requirimus.
2374 3338 2667 3426 Sodales

684 3489 848 3545 tuos
876 3474 1194 3538 amanter
1223 3456 1397 3527 meis
1428 3452 1663 3523 verbis
1694 3449 1943 3519 saluta.
2045 3445 2246 3519 Vale.

689 3631 2647 3679 “ff—*—

685 3792 822 3865 No.
883 3737 1101 3858 1321.
2376 3762 2668 3846 assem.

699 3885 1121 3920 Μ
2386 3854 2666 3883 Μ

1242 3926 1541 4011 Ioach.
1609 3921 2121 4010 Cameren-io,

826 4096 995 4169 Epist.
1024 4089 1091 4147 ad
1122 4055 1399 4145 emim.
1437 4105 1493 4160 p.
1520 4085 1624 4139 249
1645 4101 1727 4156 sq.

700 4241 890 4322 Viro
941 4233 1214 4333 optimo
1273 4222 1760 4302 Inachimo
1821 4217 2365 4296 Camerario
2426 4214 2669 4289 Bam-

792 4323 1129 4435 bergens'i
1162 4333 1251 4436 *in
1295 4326 1679 4422 academia
1718 4322 2189 4419 Tubingensi
2225 4320 2462 4392 amico
2507 4346 2568 4395 ε.

689 4458 781 4550 S.
826 4475 919 4549 D.
996 4471 1220 4563 Spero
1257 4490 1494 4535 meum
1524 4463 1930 4531 ministrnm
1960 4455 2321 4530 Ioannem
2352 4456 2551 4551 prius
2579 4459 2668 4527 ad

693 4597 762 4653 te
794 4586 1302 4672 perventurum
1334 4565 1501 4650 esse,
1538 4588 1748 4656 quam
1774 4558 1965 4633 hunc
1990 4562 2460 4644 tabellarium,
2503 4559 2670 4629 dedi

697 4699 935 4753 tamen
975 4671 1146 4743 huic
1183 4692 1467 4763 quoque
1509 4667 1815 4745 litteras,
1867 4688 1959 4733 ne
1990 4687 2200 4757 quam
2232 4661 2670 4731 occasionem

698 4783 790 4855 ad
817 4795 886 4850 te
917 4773 1309 4855 scribendi,
1357 4766 1768 4862 praesertim
1803 4778 2173 4859 postquam
2210 4764 2492 4852 longius
2523 4762 2673 4832 dis-

595 4957 610 4976 „
699 4882 907 4956 tracti
944 4898 1221 4953 sumus,
1265 4869 1913 4963 praetermitterem.
2015 4864 2262 4936 Meum
2289 4865 2688 4954 negotium,

700 4990 790 5060 de
841 5004 984 5076 quo
1047 4974 1296 5065 scripsi
1353 4974 1433 5039 in
1478 4969 1733 5039 litteris
1795 4985 1969 5061 quas
2021 4968 2227 5037 affert
2275 4989 2473 5037 meus
2537 4965 2677 5033 mi-

700 5088 949 5166 nister,
1001 5090 1229 5148 totum
1266 5088 1334 5144 et
1364 5070 1783 5165 prudentiae
1810 5082 1881 5139 et
1907 5069 2074 5138 fidei
2104 5084 2265 5139 tuae
2295 5066 2678 5137 committo.

704 5190 908 5278 Quae
952 5178 1167 5252 scribi
1199 5190 1381 5246 recte
1414 5198 1562 5242 non
1588 5195 1794 5263 posse
1822 5170 2104 5263 putavi,
2153 5193 2235 5239 ea
2263 5169 2437 5238 iussi
2463 5168 2683 5237 mini-

705 5305 930 5361 strnm
973 5304 1211 5353 meum
1254 5276 1391 5347 tibi
1428 5275 1807 5363 diligenter
1850 5295 2232 5364 exponere,
2291 5285 2459 5341 sunt
2498 5270 2686 5340 eius-

776 5502 835 5567 4)
870 5498 935 5552 ln
962 5512 1106 5550 anno
1137 5509 1303 5545 error
1329 5477 1458 5544 est.'
1496 5485 1593 5541 Est
1618 5486 1764 5540 enim
1792 5488 1987 5560 scripta
2016 5488 2170 5561 epist.
2200 5505 2345 5543 anno
2379 5489 2529 5546 1535.

781 5589 837 5651 1)
876 5580 1143 5637 Mendose
1166 5573 1436 5630 Manliuss
1470 5573 1669 5631 Erato.

776 5674 835 5743 ξ)
870 5661 1048 5722 Mank
1073 5657 1272 5713 etiam.

780 5758 840 5823 3)
880 5746 1018 5808 Cod.
1047 5743 1169 5806 Bas,
1200 5752 1261 5796 ue
1285 5745 1434 5830 hon..
1450 5743 1703 5796 virorum
1726 5736 1926 5800 iua'am
1950 5743 2023 5798 de
2047 5752 2102 5797 u
2125 5742 2460 5820 cethsaim.
2531 5829 2540 5836 -
2563 5811 2574 5821 .
2685 5797 2700 5838 3

2754 591 2977 678 121ss:
3043 589 3216 666 vll.
3322 587 3589 666 1535.
4604 581 4766 656 956

2750 763 2983 849 modi,
3045 777 3129 833 nt
3165 761 3302 833 tibi
3341 760 3702 832 molestiae
3739 762 3980 833 futura
4012 782 4160 831 esse
4192 760 4459 842 sciam,
4517 753 4656 824 sed
4684 768 4766 825 ut

2754 888 2878 955 ego
2945 864 3307 948 existimo,
3369 864 3499 934 diu
3542 876 3720 933 tecta
3759 887 3952 933 nunc
4001 866 4294 934 demum
4338 869 4770 948 erumpunt,

2754 964 3116 1036 occasione
3160 965 3325 1054 illa,
3396 966 3485 1035 de
3545 989 3686 1058 qua
3750 965 3998 1056 scripsi
4057 960 4408 1056 proximis
4470 955 4765 1029 litteris.

2754 1063 2905 1156 Ego
2934 1059 3120 1135 nihil
3145 1089 3348 1157 agam
3373 1062 3530 1138 κατ’
3567 1060 3919 1158 ἐμαυτὸν,
3977 1068 4098 1136 sed
4123 1079 4285 1136 tuas
4314 1065 4618 1133 litteras
4650 1081 4768 1129 cx-

2756 1168 3074 1264 pectabo.

2776 1267 2781 1274 ’
2958 1266 3176 1337 Mitto
3219 1266 3357 1337 tibi
3383 1258 3708 1335 Lulhen’
3753 1263 4252 1363 epistolam*),
4324 1285 4564 1361 quam
4615 1255 4769 1332 heri

2758 1369 3040 1463 accepi,
3084 1392 3176 1436 ne
3220 1366 3651 1460 suspicarere
3693 1369 3898 1437 illum
3939 1369 4222 1438 affinem
4258 1390 4417 1437 esse
4452 1363 4587 1433 isti
4617 1364 4767 1433 cnl-

2757 1494 2909 1563 pae.
3012 1467 3200 1539 Vide
3237 1483 3510 1550 autem,
3574 1468 3677 1537 mi
3723 1458 4111 1556 Ioachime,
4163 1480 4541 1564 quantum
4588 1460 4770 1535 mihi

2760 1569 3198 1664 periculum,
3249 1583 3586 1664 quantam
3626 1594 3868 1640 rerum
3902 1595 4223 1641 mearum
4265 1567 4765 1640 mutationem

2761 1672 3086 1765 prodigia
3116 1672 3328 1742 etiam
3361 1672 3888 1745 denunciarint.

2960 1769 3196 1842 Biduo
3237 1785 3361 1843 aut
3391 1772 3631 1842 triduo
3667 1785 4045 1865 antequam
4077 1772 4554 1844 discessimus
4588 1766 4767 1840 Vui-

2761 1874 3045 1962 teberga
3074 1886 3340 1966 pestem
3368 1872 3714 1961 fugientes
3734 1927 3756 1958 ,
3805 1874 4091 1944 flamma
4125 1877 4215 1944 de
4247 1874 4468 1943 coelo
4511 1870 4767 1942 decidit

2761 1975 3036 2066 vesperi
3064 1987 3224 2044 ante
3254 1996 3447 2042 meas
3481 1976 3706 2059 aedes,
3747 1974 3965 2044 altera
3995 1976 4242 2068 templi
4274 1987 4568 2046 tectum
4596 1972 4766 2042 lam-

2759 2076 2991 2145 bebat.
3093 2073 3332 2144 Movit
3361 2097 3472 2143 me
3508 2099 3587 2145 ea
3617 2098 3750 2160 res,
3802 2077 3932 2146 etsi
3964 2077 4138 2170 quid
4175 2077 4638 2167 significaret
4668 2075 4767 2142 di-

2761 2176 3006 2245 vinare
3077 2200 3229 2244 non
3272 2175 3497 2267 potui.
3607 2172 3887 2247 Omitto
3941 2178 4115 2247 alias
4176 2174 4768 2268 significationes,

2764 2277 3170 2369 interpellat
3191 2277 3382 2345 enim
3404 2276 3834 2351 tabellarius,
3888 2276 4078 2347 Illud
4105 2280 4312 2365 scito,
4336 2304 4464 2348 me
4493 2276 4769 2369 aequis-

2760 2378 2947 2447 simo
2997 2378 3237 2446 animo
3286 2373 3457 2445 haec
3499 2378 3680 2447 ferre
3719 2376 3855 2448 Dei
3901 2380 4286 2467 beneficio,
4343 2394 4415 2450 et
4452 2376 4621 2448 Deo
4650 2403 4770 2447 vo-

2714 2540 2715 2549 ,
2761 2480 2952 2549 lente
3004 2480 3082 2548 in
3130 2475 3244 2548 his
3286 2479 3500 2547 rebus
3529 2474 3713 2548 nihil
3743 2480 4113 2569 indignum
4142 2496 4396 2551 nostra
4431 2474 4769 2549 Philoso-

2762 2575 2933 2673 phia
2979 2582 3333 2650 facturum
3377 2602 3566 2661 essez·
3611 2594 3692 2650 tn
3735 2605 4017 2674 quoque
4047 2577 4237 2651 nihil
4278 2581 4770 2653 contentionis

2765 2680 3135 2772 suscipieS,
3179 2680 3240 2748 si
3274 2681 3449 2772 quid
3477 2674 3693 2751 habet
3724 2706 3834 2750 res
3867 2683 4329 2754 difficultatis.

2967 2776 3274 2851 Budaei
3292 2781 3679 2876 ¹transitum
3709 2781 4134 2870 Hellenismi
4167 2787 4259 2854 ad
4297 2781 4769 2855 Christianis-

2766 2906 3005 2970 mum,
3069 2896 3138 2952 et
3164 2876 3508 2951 Sadoleti
3553 2886 4092 2954 commentarios
4130 2875 4208 2954 in
4244 2885 4642 2958 Romanos
4668 2886 4770 2955 vi-

2767 2986 2949 3055 disse
2998 3000 3066 3058 te
3111 3007 3352 3075 spero:
3421 3006 3587 3051 sane
3634 2986 3890 3074 tragice
3919 2980 4312 3058 'invehitur
4348 3002 4666 3081 uterque
4701 2988 4773 3056 in

2767 3100 3082 3169 nostros,
3147 3084 3269 3153 sed
3317 3082 3634 3154 sinamus
3677 3086 3815 3155 sibi
3861 3111 4190 3180 quenque
4221 3080 4512 3163 canere.
4620 3085 4770 3178 Ego

2768 3211 2961 3258 nnnc
3003 3187 3082 3254 in
3127 3185 3302 3254 meis
3354 3179 3532 3253 Iocis
3577 3187 3801 3257 multa
3845 3189 4197 3278 mitigavi,
4256 3203 4329 3260 et
4372 3192 4466 3260 de
4506 3191 4774 3283 pleris-

2769 3314 2906 3382 que
2947 3302 3176 3358 tecum
3218 3309 3454 3356 coram
3501 3287 3702 3380 loqui
3746 3290 3991 3381 cupio,
4042 3292 4168 3360 sed
4217 3291 4496 3361 desino.
4604 3287 4774 3360 Eo-

2770 3388 3010 3459 banus
3058 3383 3173 3456 his
3217 3388 3469 3456 diebus
3511 3388 3884 3461 nobiscum
3926 3391 4100 3475 fuit,
4150 3393 4302 3462 fere
4337 3416 4559 3462 omne
4587 3407 4772 3465 tem-

2769 3515 2901 3584 pus
2951 3489 3470 3560 consumsimus
3519 3490 3599 3559 in
3646 3491 4094 3561 sermonibus
4120 3493 4207 3562 de
4233 3508 4304 3563 te
4338 3508 4405 3564 et
4437 3496 4537 3563 de
4568 3519 4776 3565 com-

2771 3592 3108 3662 munibus
3155 3589 3428 3659 studiis.
3528 3589 3724 3661 Bene
3767 3591 3945 3661 vale.
4043 3591 4390 3665 Postridie
4423 3592 4588 3669 Cal.
4629 3594 4776 3667 Se-

2769 3694 3035 3787 ptemb.
3099 3690 3314 3761 Hune
3347 3692 3795 3762 tabellarium
3827 3694 3959 3763 tibi
3989 3693 4439 3780 commendo,
4484 3698 4606 3765 vir
4630 3698 4778 3767 bo-

2771 3818 2907 3865 nus
2941 3806 3079 3877 est,
3132 3784 3483 3861 Milichie·
3510 3789 3785 3886 hospes.

4259 3892 4677 3989 Philippus.

4326 4107 4359 4125 D

2768 4214 2905 4290 No.
2945 4215 3163 4285 1322.
4384 4221 4503 4302 (2,
4546 4219 4766 4305 septb.)

3556 4358 3633 4449 Ῑ.
3684 4365 3982 4449 Ionae.

3045 4546 3336 4620 Epistolar.
3371 4545 3468 4603 lib.
3499 4544 3568 4602 V.
3605 4566 3659 4621 p.
3686 4543 3754 4601 83
3778 4565 3896 4619 sqq.

3457 4701 3516 4774 I
3525 4714 3667 4777 nst
3683 4731 3725 4776 o
3774 4700 4084 4782 Ionae.

2774 4820 2860 4912 S.
2913 4839 3004 4915 D.
3108 4839 3264 4913 Etsi
3300 4843 3538 4928 brevi,
3587 4840 3741 4912 Deo
3772 4843 4088 4927 volente,
4139 4866 4297 4914 una
4333 4843 4638 4940 erimus,
4680 4863 4770 4918 ta·

2731 4982 2732 4986 ¹
2777 4970 2981 5030 men,
3030 4959 3112 5015 ut
3153 4945 3548 5015 assiduitati
3593 4957 3876 5013 tuarum
3908 4943 4332 5029 literarum,
4389 4971 4587 5041 quae
4614 4946 4775 5020 mihi

2779 5047 3293 5119 iucundissima
3356 5061 3498 5126 est,
3574 5044 3810 5138 aliqua
3875 5070 3959 5115 ex
4024 5059 4227 5136 parte
4282 5052 4800 5140 respondeam,-

2784 5150 3089 5219 scribam
3136 5160 3203 5218 et
3250 5147 3398 5238 ipse
3436 5147 3899 5239 frequentius.
4001 5145 4381 5217 Gallicum
4412 5150 4566 5221 iter
4593 5154 4779 5223 omisi

2760 5247 3139 5335 libenter,
3176 5273 3256 5318 ac
3284 5249 3491 5318 facile
3521 5270 3766 5340 passus
3792 5272 3948 5317 sum
3978 5243 4162 5316 mihi
4191 5272 4359 5319 non
4388 5251 4570 5322 dari
4600 5277 4779 5324 eom·

2787 5364 3098 5421 meatum
3116 5405 3138 5436 ,
3191 5352 3314 5419 sed
3351 5362 3630 5441 poterat
3662 5347 4001 5441 Princeps
4031 5371 4301 5440 negare
4334 5353 4505 5424 sine
4548 5371 4783 5429 contu-

2789 5454 2997 5521 melia
3023 5507 3044 5535 ,
3091 5476 3304 5543 quam
3352 5450 3549 5520 vides
3600 5451 3945 5520 eiusmodi
3985 5473 4170 5537 esse,
4214 5467 4311 5524 ut
4353 5456 4457 5527 ab
4491 5457 4785 5548 ingenuo

2687 5605 2692 5613 ψ
2791 5549 3083 5623 homine
3132 5552 3564 5623 dissimulari
3614 5576 3762 5623 non
3806 5552 4075 5621 debeat.
4140 5551 4461 5666 ltaque
4508 5583 4793 5655 respon.

2861 5747 2919 5816 *)
2956 5747 3133 5801 datam
3164 5743 3219 5797 d.
3245 5740 3331 5796 29.
3358 5708 3500 5811 Aug.
